1799 3104
1462 285 1528 335 91

155 429 360 490 proficisci
393 427 543 472 debere
574 443 596 470 a
626 426 889 486 philosophia
927 427 1062 469 animi.
1124 426 1187 469 De
1229 442 1308 485 qua
1347 442 1393 470 re
1424 432 1533 470 certe

149 508 367 552 Aristoteli
398 523 489 550 cum
522 507 696 549 Platone
730 508 932 548 convenit.
995 505 1191 548 Attamen
1220 508 1263 547 in
1304 521 1351 548 eo
1393 506 1530 548 elabo-

150 587 266 637 ravit,
301 591 348 628 ut
377 584 537 643 singula
566 585 695 642 magis
727 589 981 635 secerneret,
1022 589 1069 626 ut
1107 564 1409 641 philosophiam
1442 597 1532 624 cum

148 663 314 723 politica
344 668 606 705 connecteret
638 663 823 720 quidem,
854 677 987 720 neque
1020 677 1117 705 vero
1153 661 1372 712 conflaret3
1418 660 1534 703 deni-

149 755 228 799 que
264 742 395 798 ipsam
435 741 608 783 civitatis
656 739 802 799 agendi
840 739 1072 785 facultatem
1121 739 1322 791 ostendit,
1372 738 1532 797 qualem

149 835 239 862 esse
271 824 481 876 oporteat,
522 825 569 862 ut
608 819 700 862 finis
741 822 980 877 propositus
1032 819 1288 877 singulorum
1321 819 1532 860 hominum

149 903 190 940 et
227 898 355 940 totius
394 896 645 956 reipublicae
687 896 859 940 felicitas
906 899 1050 956 attingi
1091 898 1236 956 possit.
1310 895 1429 940 Unde
1470 895 1531 938 fa-

150 983 281 1027 ctum,
317 982 364 1018 ut
396 991 480 1018 non
520 976 642 1018 modo
674 976 876 1018 theoriam
908 975 1110 1033 quandam
1148 975 1262 1018 libris
1296 978 1380 1018 suis
1414 975 1532 1017 exhi-

147 1054 276 1106 beret,
311 1053 384 1097 sed
408 1059 456 1097 ut
487 1054 695 1113 politicam
728 1055 909 1097 omnium
953 1056 1161 1097 civitatum
1202 1053 1414 1097 historiam
1457 1052 1531 1095 do-

150 1135 303 1176 ctrinae
336 1148 433 1175 suae
467 1133 518 1175 de
551 1135 712 1176 civitate
744 1133 1011 1191 implecteret.

268 1210 378 1262 Quid
416 1213 542 1272 igitur
580 1213 811 1271 praeceptis
851 1213 936 1256 suis
977 1210 1239 1271 aequalibus,
1289 1211 1387 1270 quid
1432 1212 1530 1254 viris

151 1289 306 1342 doctis,
348 1293 419 1349 qui
450 1298 594 1350 postea
623 1293 666 1333 in
705 1291 834 1334 literis
882 1293 1034 1334 versati
1066 1297 1184 1343 sunt3
1217 1290 1315 1349 quid
1347 1290 1531 1349 philoso-

146 1370 289 1427 phiae,
339 1372 455 1413 cuius
492 1372 649 1429 primus
697 1375 871 1428 uterque
912 1370 1000 1412 dux
1037 1372 1143 1412 viam
1182 1371 1381 1428 praeivit,
1430 1368 1532 1426 quid

146 1449 226 1506 ipsi
266 1447 504 1507 disciplinae
542 1448 753 1507 politicae,
797 1448 847 1491 de
886 1463 966 1507 qua
1005 1449 1159 1507 agitur,
1198 1447 1297 1505 quid
1338 1447 1528 1491 omnibus

147 1526 295 1569 studiis
326 1526 590 1570 humanitatis
608 1532 649 1570 et
663 1527 871 1570 literarum
895 1527 997 1570 lucis
1030 1527 1225 1578 attulerit,
1261 1526 1411 1569 deinde
1429 1526 1528 1584 quid

147 1607 199 1648 sit
229 1620 310 1663 quo
343 1605 588 1649 Aristoteles
620 1606 792 1649 Platone
831 1605 950 1649 altius
991 1620 1180 1665 egressus
1222 1607 1294 1657 sit,
1338 1607 1416 1648 iam
1458 1606 1529 1647 vix

147 1686 236 1736 erit,
268 1686 311 1727 in
343 1684 455 1742 quod
486 1683 618 1727 fusius
652 1685 917 1741 inquiramus.
982 1684 1029 1726 Si
1058 1686 1148 1741 quis
1179 1699 1278 1726 vero
1310 1686 1528 1741 utriusque

146 1762 439 1821 rempublicam
483 1764 729 1806 coniunctim
755 1763 1070 1813 examinaverit,
1112 1764 1291 1821 primum
1338 1761 1449 1820 quod
1479 1761 1531 1803 ad

148 1842 279 1885 ethica
308 1842 508 1900 principia
551 1843 715 1892 attinet,
758 1856 891 1899 neque
923 1841 1159 1893 Platonem,
1201 1856 1336 1900 neque
1366 1840 1530 1884 Aristo-

145 1921 280 1974 telem,
315 1936 441 1979 quum
471 1925 645 1979 uterque
684 1918 750 1963 »τὸ
789 1925 929 1963 ἑαυτοῦ
954 1918 1175 1977 πράττειν,«
1226 1920 1337 1979 quod
1367 1921 1530 1965 Platoni

147 1999 318 2053 dicitur,
360 2001 524 2043 virtutis
558 2001 769 2043 notionem
808 2006 1082 2059 proponeret,
1133 2006 1173 2043 et
1212 2015 1302 2043 cum
1336 2015 1406 2043 eos
1438 2007 1529 2043 tan-

147 2078 372 2131 tummodo,
406 2080 476 2138 qui
505 2094 529 2121 a
558 2083 704 2122 natura
734 2079 791 2121 ita
822 2080 946 2122 creati
979 2084 1088 2130 sunt,
1123 2084 1168 2122 ut
1196 2080 1363 2122 summis
1397 2080 1441 2123 in
1474 2081 1529 2123 ci-

146 2159 271 2201 vitate
309 2158 547 2201 muneribus
596 2157 887 2216 fungerentur,
936 2172 1117 2200 summae
1158 2172 1320 2215 quoque
1365 2160 1529 2202 virtutis

145 2242 268 2296 atque
299 2237 591 2297 intelligentiae
622 2237 843 2295 participes
873 2235 961 2279 fieri
989 2252 1112 2295 posse
1145 2236 1331 2288 doceret,
1371 2252 1527 2291 verum,

146 2316 258 2374 quod
296 2306 538 2376 praescribit
578 2315 720 2373 religio
754 2315 1007 2366 Christiana,
1058 2316 1142 2358 ullo
1182 2316 1304 2359 modo
1345 2318 1530 2376 attigisse

147 2401 318 2439 constat.
381 2396 440 2439 Ea
472 2396 579 2437 enim
610 2395 800 2436 virtutem
832 2409 916 2437 non
950 2409 1040 2437 esse
1080 2399 1249 2437 naturae
1282 2398 1528 2439 convenien-

145 2479 209 2517 ter
241 2489 376 2534 agere,
409 2473 484 2518 sed
512 2473 661 2517 bonam
692 2473 892 2516 actionem
927 2487 981 2516 ex
1011 2472 1140 2517 libero
1174 2472 1342 2517 arbitrio
1384 2480 1424 2518 et
1454 2490 1528 2518 vo-

145 2548 303 2597 luntat‘e
340 2555 482 2613 peragi
518 2566 652 2610 neque
689 2552 768 2594 nisi
807 2552 992 2609 ipsorum
1031 2552 1242 2594 hominum
1285 2552 1415 2595 salute
1455 2569 1528 2597 au-

146 2632 281 2691 genda
320 2634 396 2676 niti
436 2637 628 2692 oportere
667 2629 764 2673 vult.
843 2627 935 2672 Non
985 2630 1109 2687 igitur
1157 2629 1367 2674 sufficiunt
1414 2647 1530 2677 mens

148 2716 270 2769 atque
302 2713 420 2763 ratio,
444 2717 492 2754 ut
524 2711 668 2768 aliquis
699 2708 924 2752 secundum
955 2707 1067 2766 leges
1095 2709 1260 2752 virtutis
1302 2716 1416 2769 agat,
1458 2712 1531 2755 sed

151 2788 344 2834 accedere
383 2795 550 2849 oportet
597 2789 719 2833 animi
757 2786 1055 2846 proclivitatem
1097 2792 1138 2831 et
1176 2785 1218 2831 id
1258 2788 1371 2847 quod
1412 2789 1530 2834 nobis
