1799 3104
203 238 272 289 14

203 379 451 438 philosopho
488 379 611 438 digne
651 395 795 438 agere,
841 396 925 422 non
967 389 1160 439 oportere
1193 396 1311 423 veras
1353 383 1589 424 existimare

203 472 268 500 res
305 472 387 509 eas,
419 472 520 516 quas
554 460 597 501 in
628 459 704 501 hac
746 464 854 500 terra
885 458 1070 503 vidisset.
1134 459 1276 517 Itaque
1318 473 1415 502 vere
1445 459 1591 503 beatus

204 551 288 579 non
310 541 450 595 potest
484 553 573 579 esse
605 539 685 579 nisi
717 539 787 594 qui
820 536 938 579 ideae
975 538 1074 581 boni
1118 541 1160 581 in
1189 540 1322 581 animo
1353 536 1458 580 ferat
1492 541 1592 580 ima-

203 617 361 673 ginem,
399 629 534 671 neque
573 619 711 671 potest
741 616 830 672 ipsa
873 617 1028 658 civitas.
1104 616 1217 666 Quae
1258 615 1422 674 quidem
1457 618 1594 658 omnia

204 694 381 735 maxime
421 692 559 734 valent
599 691 650 734 de
679 694 838 750 potitis,
881 695 950 750 qui
989 696 1051 736 uti
1089 696 1270 752 pictores
1312 700 1352 737 et
1390 694 1457 736 atii
1501 695 1592 750 ejus

203 772 366 831 generis
400 770 531 829 gradu
548 772 670 813 tertio
703 771 857 813 distant
876 786 898 813 a
926 773 1112 814 veritate.
1178 772 1320 821 Quid?
1351 771 1462 830 quod
1492 776 1594 829 poe·-

206 853 261 893 sis
310 855 470 893 tantum
517 848 678 907 profert
718 850 845 906 hujus
884 853 991 892 vitae
1039 849 1348 906 ἀφομοιώματα,
1400 864 1505 908 quae
1554 852 1596 892 in

206 930 282 971 hac
314 931 404 986 ipsa
434 930 518 970 vita
553 928 750 970 imitanda
782 934 1013 970 versantur.
1077 929 1220 987 Itaque
1262 934 1406 987 poe’tas
1444 930 1595 987 quippe

205 1009 275 1066 qui
305 1006 506 1065 populum
540 1006 747 1048 adducant
790 1006 841 1048 ad
874 1007 1215 1066 existimandum,
1250 1022 1345 1049 vere
1378 1022 1421 1049 se
1447 1021 1493 1048 ea
1524 1006 1595 1047 ha-

208 1087 316 1136 bere,
349 1100 452 1142 quae
484 1087 647 1142 poEtice
678 1090 869 1135 narrent,
902 1088 958 1126 ita
989 1093 1037 1127 ut
1068 1086 1169 1128 haec
1205 1085 1402 1128 imitanda
1441 1098 1598 1126 summa

208 1164 285 1207 sibi
317 1165 626 1221 proposuerint,
661 1178 796 1220 neque
831 1178 926 1204 vero
960 1163 1039 1205 Dei
1072 1164 1380 1206 similitudinem
1414 1163 1491 1206 sibi
1523 1176 1596 1220 pe-

208 1242 387 1292 tendam,
424 1256 446 1282 e
476 1240 702 1298 reipublica
735 1239 957 1282 eiiciendos
993 1255 1083 1282 esse
1108 1246 1260 1283 censet.
1326 1239 1596 1283 Concluditur

207 1320 385 1376 denique
418 1334 514 1376 pars
556 1320 671 1376 prior
700 1319 827 1374 hujus
859 1318 978 1360 liberi
1019 1320 1169 1361 iterum
1207 1318 1373 1361 laudata
1411 1318 1597 1376 philoso-

204 1398 323 1457 phia,
368 1411 473 1455 quae
496 1396 616 1439 nobis
645 1396 761 1439 ideae
805 1396 902 1440 boni
931 1398 1205 1455 cognitionem
1251 1396 1468 1456 praebeat3
1512 1411 1599 1438 eam

210 1491 309 1520 vero
340 1476 454 1518 nullo
487 1475 611 1517 modo
642 1477 941 1533 percipiemus,
985 1479 1064 1518 nisi
1098 1478 1299 1518 internam
1332 1477 1436 1525 vim,
1479 1489 1600 1532 quam

207 1558 249 1597 in
278 1553 399 1597 nobis
425 1559 611 1605 exercet,
656 1555 777 1596 etiam
818 1555 902 1597 vita
931 1560 971 1596 et
1012 1553 1192 1613 agendo,
1236 1556 1261 1596 i.
1297 1568 1331 1596 e.
1375 1550 1600 1607 δικαιοσύνῃ

207 1632 469 1677 manifestare
513 1632 765 1675 studeamus.
848 1632 997 1674 Totam
1038 1633 1142 1674 hanc
1180 1634 1307 1690 igitur
1342 1633 1463 1674 vitam
1508 1645 1599 1673 cum

208 1714 250 1753 in
284 1711 377 1753 idea
418 1710 518 1753 boni
560 1710 759 1752 intuenda
791 1716 913 1767 atque
946 1709 1142 1752 imitanda
1181 1712 1287 1753 verti
1331 1724 1500 1752 necesse
1532 1710 1597 1759 sit,

208 1795 342 1832 totum
379 1804 485 1847 opus
516 1788 660 1829 finitur
691 1788 840 1830 illustri
874 1789 1047 1845 quadam
1071 1788 1223 1839 fabula,
1259 1803 1338 1846 qua
1361 1787 1600 1830 describun-

210 1875 277 1911 tur
316 1873 450 1911 sortes
492 1868 610 1910 iustis
642 1872 683 1909 et
714 1868 876 1909 iniustis
921 1883 943 1909 a
979 1866 1069 1910 Deo
1112 1868 1363 1926 propositae.
1435 1866 1600 1908 Initium

208 1952 345 1988 autem
377 1946 423 1988 fit
451 1962 473 1988 a
503 1961 661 1988 summa
692 1946 816 1988 huius
849 1948 957 1987 vitae
1000 1948 1153 1987 virtute
1195 1944 1440 1986 illustranda
1479 1946 1599 1986 iusti-

209 2127 230 2177 ἦ
257 2127 306 2167 δι’
331 2126 600 2180 α’μφοτὲρων),
635 2135 781 2174 primam
811 2134 965 2174 speciem
993 2134 1119 2165 eeteris
1145 2133 1345 2174 anteponit,
1373 2134 1504 2174 quippe
1531 2142 1602 2174 qna

212 2208 249 2228 se
274 2198 391 2238 ipsum
420 2207 490 2228 non
517 2196 612 2227 celet
646 2198 750 2237 poeta
776 2192 866 2236 (pag.
894 2193 966 2227 393
993 2193 1048 2235 C).
1101 2194 1204 2231 Quod
1238 2194 1363 2226 cadere
1389 2194 1429 2225 in
1454 2194 1602 2235 lyricam

211 2258 349 2298 poesin,
375 2257 623 2297 unusquisque
650 2255 849 2296 perspiciet.
900 2253 932 2286 A
959 2265 1029 2295 quo
1057 2254 1213 2285 Platonis
1240 2254 1283 2284 de
1310 2255 1425 2295 potitis
1465 2253 1602 2284 indicio

211 2316 439 2351 Aristotelem
468 2313 529 2361 (cf.
569 2316 613 2348 de
641 2322 713 2348 arte
741 2319 843 2357 poet,
872 2315 926 2347 ed.
955 2314 998 2349 G.
1029 2315 1148 2351 Herm,
1176 2314 1291 2347 XXV.
1309 2312 1345 2348 2.
1376 2312 1603 2345 vehementer

211 2379 401 2411 dissentire
425 2388 638 2409 memorasse
663 2378 748 2408 satis
775 2377 854 2410 erit.
905 2376 1005 2407 Haec
1032 2375 1141 2414 igitur
1166 2373 1322 2405 Platonis
1338 2378 1387 2404 est
1413 2375 1601 2409 sententia.

211 2440 270 2472 Uti
285 2439 545 2480 unusquisque,
571 2439 601 2469 si
628 2437 772 2479 quidem
799 2441 894 2468 recte
909 2446 1013 2477 agere
1029 2435 1132 2475 velit,
1157 2443 1270 2466 unum
1287 2438 1422 2466 tantum
1437 2444 1602 2476 peragere

211 2502 334 2541 «lecet,
373 2500 428 2531 sni
463 2499 574 2530 animi
599 2499 823 2530 harmoniam
849 2502 883 2529 et
919 2498 1099 2529 Unitatem
1133 2494 1269 2535 agendo
1305 2504 1522 2536 expressam,
1552 2497 1603 2528 sic

215 2562 320 2591 etiam
348 2563 486 2599 poetam
525 2559 627 2589 illam
655 2559 833 2589 Uniiatem
861 2557 1061 2589 secundum
1088 2555 1198 2595 ipsius
1224 2564 1340 2595 neque
1367 2555 1522 2587 aliorum
1548 2555 1601 2586 in-

212 2620 332 2651 dolem
364 2620 550 2651 hominum
584 2620 704 2650 animo
738 2619 890 2660 proferat
924 2627 1068 2649 necesse
1103 2621 1165 2649 est.
1226 2613 1278 2645 Ea
1304 2615 1431 2656 igitur,
1469 2616 1509 2647 in
1534 2626 1603 2657 qua

213 2690 291 2711 sese
317 2680 435 2719 ipsum
468 2690 539 2709 non
567 2680 660 2710 celat
693 2683 807 2720 poeta,
834 2680 947 2720 lyrica
974 2677 1089 2718 poesis
1116 2676 1159 2706 ad
1188 2685 1325 2716 veram,
1352 2686 1455 2716 qnam
1483 2686 1601 2718 supra-

212 2740 388 2780 diximus,
414 2729 581 2780 μὶμκησιν
606 2738 763 2779 proxime
789 2739 937 2779 accedit,
964 2737 1009 2774 cs.
1036 2747 1068 2778 1).
1094 2733 1167 2769 393
1193 2736 1231 2770 Γ.
