1799 3104
193 237 261 288 32

194 396 262 423 cos
304 390 344 423 et
373 381 537 430 hostes,
577 395 681 437 quae
723 383 829 422 inter
869 382 1047 422 maxima
1087 392 1169 431 est,
1218 385 1353 424 onmia
1386 389 1583 441 spectant,

192 474 296 518 quae
338 463 432 501 sunt
481 464 678 502 externae
718 458 1103 511 administrationis,
1146 473 1250 517 quae
1292 460 1458 517 quidem
1502 463 1584 505 sin-

190 538 286 597 gula
319 537 466 582 afferre
501 544 541 581 et
572 544 820 597 pertractare
852 538 971 581 Plato
1004 538 1149 591 noluit,
1184 540 1376 596 quoniam
1406 540 1586 600 talequid

192 635 214 661 a
256 621 472 677 proposito
516 619 638 676 longe
680 618 938 660 abhorrebat.
1015 617 1287 668 Quamobrem
1333 633 1416 660 non
1465 619 1588 663 debet

193 699 418 747 exsistere,
460 698 528 754 qui
558 695 771 739 Platonem
804 697 998 754 opinetur
1031 697 1341 754 aequilibritatis
1376 696 1585 740 cuiusdam

192 777 384 819 ordinum
416 776 571 819 nullam
600 776 722 834 plane
742 777 941 835 rationein
974 776 1181 818 habuisse.
1235 777 1469 819 Cavendum
1500 792 1586 819 om-

192 858 290 900 nino
330 858 605 899 recentiorum
648 861 861 897 auctorum
908 861 947 896 et
993 856 1262 913 interpretum
1297 855 1585 906 cavillationes,

193 937 262 992 qui
296 934 469 992 singula,
506 949 609 991 quae
638 934 756 977 Plato
789 934 855 975 hie
887 941 1047 984 narrat,
1080 936 1407 992 perstringentes
1440 935 1492 977 ad
1524 937 1586 977 in-

192 1014 416 1056 iustissima
452 1012 604 1055 iudicia
646 1027 736 1054 sese
770 1012 901 1071 abripi
938 1015 1047 1071 passi
1091 1019 1208 1064 sunt,
1252 1028 1424 1071 quorum
1458 1029 1584 1056 unum

189 1095 423 1136 nominasse
456 1091 633 1135 sufficiat
666 1091 1043 1151 Morgensternium
1063 1091 1139 1151 (1),
1171 1107 1254 1135 non
1284 1092 1502 1137 audentem
1536 1093 1585 1135 il-

189 1174 272 1216 lum
321 1189 406 1215 non
446 1172 656 1230 profiteri,
697 1172 910 1213 Platonem
947 1172 1188 1229 phantasiae
1221 1188 1320 1214 suae
1356 1172 1502 1215 ardore
1535 1173 1587 1214 ad

190 1251 369 1295 absurda
409 1266 454 1294 ac
493 1256 733 1309 portentosa
774 1250 987 1308 abreptum
1022 1265 1124 1292 esse.
1197 1250 1301 1293 Mihi
1328 1252 1435 1292 enim
1466 1251 1584 1293 Plato

189 1336 349 1372 tantum
383 1329 560 1371 voluisse
593 1328 777 1378 videtur,
816 1334 864 1369 ut
890 1331 933 1369 in
964 1333 1135 1370 naturae
1169 1330 1437 1371 universitate
1471 1334 1512 1370 et
1543 1331 1584 1371 in

190 1408 362 1466 singulis
403 1407 657 1466 quibusque,
699 1409 756 1449 ita
803 1405 1063 1449 maxime‘in
1104 1409 1266 1450 civitate
1299 1409 1377 1449 tria
1405 1407 1474 1450 illa
1502 1408 1583 1450 ele-

188 1493 325 1529 menta
359 1486 504 1528 adesse
533 1491 738 1543 oportere,
773 1501 901 1527 unum
936 1485 1047 1542 quod
1079 1485 1201 1528 finem
1235 1485 1426 1528 ostendat
1449 1493 1490 1528 et
1522 1487 1581 1528 le-

188 1581 279 1625 gem
315 1567 432 1623 quasi
463 1571 683 1615 aeternam,
719 1564 891 1607 alterum
925 1564 1038 1622 quod
1069 1570 1225 1607 motum
1256 1570 1296 1607 et
1330 1566 1583 1608 coniunctio-

189 1660 281 1687 nem
312 1642 476 1695 efficiat,
510 1645 670 1685 tertiam
707 1642 885 1700 denique
913 1642 1026 1700 quod
1060 1644 1204 1686 ceteris
1223 1645 1432 1687 materiem
1461 1657 1582 1701 prae-

188 1723 298 1773 beat,
332 1737 412 1779 qua
442 1723 605 1779 possint
635 1723 716 1764 vim
736 1736 851 1763 suam
885 1735 1089 1764 exserere.
1156 1721 1300 1764 Cetera
1332 1737 1442 1773 vero,
1478 1737 1581 1779 quae

188 1801 253 1844 his
285 1800 488 1851 adiunxit,
521 1802 721 1842 rationem
746 1799 923 1850 vivendi,
958 1815 1078 1857 quam
1107 1799 1346 1843 custodibus
1380 1803 1582 1858 praescri-

186 1880 268 1931 bit,
304 1881 481 1922 maxime
520 1894 618 1921 vero
668 1878 869 1922 bonorum
923 1894 968 1921 ae
1010 1879 1227 1922 mulierum
1277 1879 1581 1937 liberorumque

188 1974 456 2009 communem,
490 1973 611 2015 quam
653 1959 804 2008 suasit,
837 1960 1163 2015 possessionem,
1204 1958 1305 2000 nihil
1338 1960 1418 2000 nisi
1449 1956 1580 2014 πάρα·

188 2035 378 2088 δείγματα
420 2037 461 2073 et
514 2032 797 2089 experimenta
846 2030 1043 2088 quaedam
1092 2030 1191 2072 mihi
1242 2045 1331 2072 esse
1372 2030 1579 2082 videntur,

189 2110 337 2169 quibus
374 2111 580 2152 exteriora
617 2109 882 2151 humanitatis
927 2109 1088 2151 vincula
1123 2124 1176 2151 ex
1206 2111 1400 2152 universa
1435 2110 1580 2153 huma-

187 2201 331 2234 narum
366 2205 502 2232 rerum
527 2188 797 2231 fluctuatione
829 2190 1007 2246 eriperet
1039 2203 1208 2247 eamque
1227 2188 1420 2232 redderet
1450 2189 1581 2233 Unam

188 2271 230 2311 in
255 2284 298 2311 se
333 2269 584 2319 conclusam,
628 2283 681 2310 ex
714 2267 903 2310 omnibus
943 2268 1130 2326 partibus
1167 2283 1350 2326 aequam.
1423 2267 1581 2326 Nempe

187 2350 266 2390 iam
301 2353 398 2389 tunc
439 2347 640 2390 eiusmodi
685 2347 874 2406 exempla
911 2347 1106 2390 adhibere
1143 2347 1356 2406 cupiebat,
1392 2361 1495 2404 quae
1528 2347 1575 2390 ad

186 2427 265 2470 Dei
306 2425 635 2477 similitudinem,
671 2441 790 2484 quam
830 2432 976 2484 postea
1022 2428 1186 2477 statuit,
1229 2427 1270 2467 in
1313 2424 1391 2467 hoc
1425 2425 1578 2469 mundo

185 2505 478 2564 perficiendam
527 2511 621 2563 apta
675 2511 824 2547 essent.
901 2505 1018 2549 Licet
1065 2521 1149 2548 non
1187 2505 1443 2562 negaverim,
1485 2521 1577 2548 eum

187 2587 305 2626 etiam
350 2586 532 2628 externis
575 2586 708 2627 causis
750 2590 995 2627 commotum
1037 2585 1138 2627 haee
1172 2583 1359 2641 exempla
1392 2585 1576 2643 elegisse,

285 2755 339 2800 (l)
367 2755 413 2790 es.
442 2755 465 2791 1Ι
495 2755 520 2786 l.
550 2765 675 2791 cuium,
704 2755 760 2795 111,
787 2767 820 2797 p,
848 2754 933 2790 231,
959 2756 1006 2792 al,
