1799 3104
213 227 282 280 44

210 371 420 413 notionem
461 371 582 413 talem
626 371 865 430 proposuit,
912 375 957 411 ut
990 370 1146 419 omnia,
1178 384 1282 426 quae
1315 385 1398 413 non
1430 369 1603 428 aliquam

207 453 366 506 partem
410 451 498 491 eius
546 454 738 507 ἐνεργείας
788 450 1038 507 suscipiant,
1091 447 1140 490 ab
1174 461 1221 489 ea
1259 447 1383 491 vellet
1426 447 1602 492 excludi.

210 527 297 570 Hac
329 543 428 571 vero
448 531 596 572 nititur
627 532 728 581 cius,
757 530 825 586 qui
856 530 1016 584 πολίτης
1040 527 1200 579 dicitur,
1234 528 1348 569 notio
1368 525 1444 584 (1).
1496 527 1603 571 Tum

204 607 397 665 procedit
447 608 498 650 ad
532 608 692 650 diversa
731 608 855 650 huius
897 610 1089 663 ἐνεργείας
1125 620 1275 665 genera
1313 605 1603 666 perquirenda,

208 685 260 727 ad
291 685 541 744 reipublicae
573 684 726 728 formas
761 684 1075 736 examinandas,
1109 700 1216 743 quae
1246 684 1493 736 monarchia,
1526 686 1605 728 ari-

210 766 418 815 stocratia,
452 758 595 822 politia
630 764 839 815 dicuntur,
873 763 1104 821 harumque
1123 763 1307 806 diversas
1337 765 1495 823 species
1514 778 1611 823 pro-

208 844 340 901 ponit.
407 842 510 885 Cum
535 845 582 885 iis
611 858 715 900 quae
742 843 792 884 de
824 845 1008 899 βασιλείᾳ
1042 842 1239 900 disputat,
1275 848 1385 885 arcte
1420 842 1612 885 cohaeret

209 923 431 979 insequens
458 921 697 979 disputatio,
729 923 905 979 primum
938 926 1076 963 utrum
1110 921 1256 964 melius
1278 922 1344 972 sit,
1379 919 1428 964 ab
1453 921 1607 979 optimo

208 1015 260 1042 an
292 1014 389 1042 vero
424 999 474 1042 ab
505 1001 670 1057 optimis
702 1000 862 1058 legibus
893 1002 1002 1059 regi,
1051 998 1201 1042 deinde
1223 1005 1361 1043 utrum
1397 1014 1525 1042 unum
1555 1014 1607 1042 an

204 1078 346 1136 plures
376 1080 579 1137 imperare
620 1083 811 1136 oporteat
829 1077 904 1137 (2).
972 1077 1192 1121 Concludit
1224 1077 1401 1137 denique
1438 1079 1604 1122 tertium

210 1158 318 1200 hunc
359 1158 510 1201 librum
567 1157 634 1200 illa
688 1159 952 1214 quaestione,
997 1159 1112 1199 euius
1153 1159 1317 1214 saepius
1357 1159 1607 1200 mentionem

207 1236 346 1277 iniecit
386 1241 427 1277 et
467 1234 686 1294 profitetur
733 1235 838 1277 velle
881 1250 923 1276 se
967 1234 1017 1277 de
1068 1235 1221 1293 optima
1275 1235 1438 1277 civitate
1478 1234 1604 1292 loqui.

206 1314 349 1371 Itaque
385 1313 482 1356 -libri
512 1313 584 1356 IV.
629 1315 747 1356 initio
788 1313 989 1362 declarat,
1033 1313 1133 1370 quid
1179 1315 1252 1363 sit,
1297 1312 1409 1370 quod
1451 1312 1604 1364 dicunt,

207 1393 403 1450 optimam
438 1393 643 1435 civitatem
682 1393 900 1435 instituere
927 1389 1004 1450 (3).
1067 1391 1210 1435 Poscit
1248 1406 1369 1444 vero,
1412 1390 1455 1434 id
1496 1391 1607 1450 quod

208 1476 248 1513 et
281 1471 360 1514 alio
390 1471 482 1513 loco
523 1470 763 1530 profitetur,
804 1477 853 1513 ut
891 1469 1005 1521 πόλις
1035 1473 1089 1513 sit
1119 1474 1247 1514 τέλεια
1275 1470 1353 1528 (4),
1386 1473 1412 1513 i.
1447 1485 1481 1514 e.
1514 1471 1605 1514 talis

208 1564 312 1608 quae
342 1551 385 1593 in
417 1565 461 1592 se
487 1551 577 1608 ipsa
607 1549 731 1592 finem
755 1549 915 1592 habeat.
980 1548 1124 1607 Neque
1156 1564 1255 1592 vero
1289 1551 1326 1591 ei
1360 1548 1526 1601 sufficit,
1559 1554 1607 1592 ut

206 1628 392 1680 Platoni,
428 1643 626 1672 summam
667 1628 802 1671 ideam
829 1628 1076 1687 protulisse,
1116 1642 1220 1686 quae
1252 1628 1501 1680 hominibus,
1536 1630 1606 1686 qui

209 1709 415 1750 civitatem
449 1713 716 1766 componunt,
747 1709 892 1765 attingi
921 1707 1035 1749 nullo
1068 1706 1191 1749 modo
1211 1712 1363 1765 potest,
1397 1706 1470 1749 sed
1503 1721 1606 1765 quae

206 1788 249 1829 in
280 1785 405 1830 rebus
439 1793 480 1829 et
513 1785 823 1830 conditionibus
855 1788 1034 1828 maxime
1069 1787 1227 1828 nititur.
1293 1784 1383 1835 Qua
1402 1785 1452 1828 de
1485 1800 1607 1829 causa

206 1879 278 1908 eos
326 1864 516 1923 politicos
563 1864 854 1924 reprehendit,
897 1866 967 1922 qui
1002 1866 1157 1923 optima
1205 1870 1247 1907 et
1283 1879 1441 1907 summa
1481 1863 1605 1907 inodo

211 1942 497 1995 considerent,
531 1958 666 2001 neque
700 1957 800 1986 vero
829 1944 1102 1989 humanarum
1131 1959 1269 1987 rerum
1300 1945 1502 1987 rationein
1533 1943 1605 1986 ha-

204 2022 344 2065 beant.
417 2021 548 2071 Quam
589 2022 951 2081 rsprehensionem
999 2038 1084 2065 non
1125 2022 1269 2065 dubito
1302 2021 1354 2065 ad
1390 2021 1604 2065 Platonem

205 2102 383 2143 maxime
424 2102 655 2158 pertinere,
706 2116 840 2160 neque
876 2107 938 2143 est
971 2102 1187 2144 temeraria
1214 2100 1290 2157 (5).
1353 2099 1438 2144 Nec
1468 2101 1603 2143 minus

301 2319 356 2364 (l)
381 2322 435 2363 lb,
459 2322 529 2364 lu„
558 2322 666 2356 1—3.

302 2379 356 2424 (2)
381 2382 433 2416 lb.
460 2377 532 2419 Ill..
560 2381 718 2417 10—-12,
745 2384 839 2418 conf.
866 2382 976 2416 6-8.

304 2439 358 2485 (3)
385 2443 445 2478 Ar.
471 2444 546 2485 pol.
571 2444 644 2484 lv·,
673 2443 781 2480 1-3.

297 2500 369 2549 (4),
392 2503 444 2539 ld.
470 2504 522 2540 ib.
547 2503 578 2546 1,
604 2503 640 2546 1,
665 2505 701 2541 8.
727 2505 785 2547 111,
811 2503 848 2547 5,
875 2503 935 2539 14.

295 2563 349 2609 (5)
376 2566 428 2598 lb.
463 2566 520 2601 lv,
558 2566 592 2606 1,-
628 2565 664 2598 3.
703 2565 743 2598 Si
780 2567 990 2599 Aristoteles
1031 2565 1246 2598 sententiam
1274 2574 1377 2596 suam
1419 2564 1597 2608 exemplis

201 2626 376 2658 voluisset
400 2627 567 2668 probare,
600 2628 698 2660 locos
726 2638 785 2661 eos
812 2628 921 2660 citare
948 2628 1142 2670 potuisset,
1176 2625 1242 2657 ubi
1277 2625 1377 2657 Plato
1402 2626 1500 2666 leges
1525 2637 1598 2658 rein

204 2686 291 2717 «licit
317 2687 544 2728 superfluam,
571 2687 614 2718 de
640 2698 714 2729 rep,
753 2689 833 2729 lV,‚
859 2700 890 2729 p.
918 2685 991 2719 425
1015 2686 1062 2720 1).
1103 2682 1187 2728 sqq.}
1213 2685 1297 2721 Vlll,
1326 2696 1357 2725 p.
1385 2683 1465 2717 563.
1494 2686 1538 2719 D.
1567 2693 1600 2718 et

201 2745 357 2778 maxime
383 2744 523 2777 Politic.
550 2756 582 2789 p.
610 2745 694 2778 294.
721 2747 765 2777 Ι).
