<?xml version="1.0" encoding="UTF-8"?>
<!DOCTYPE html PUBLIC "-//W3C//DTD XHTML 1.0 Transitional//EN"
    "http://www.w3.org/TR/xhtml1/DTD/xhtml1-transitional.dtd">
<html xmlns="http://www.w3.org/1999/xhtml" xml:lang="en" lang="en">
 <head>
  <title>
</title>
<meta http-equiv="Content-Type" content="text/html;charset=utf-8" />
  <meta name='ocr-system' content='tesseract 3.04.00' />
  <meta name='ocr-capabilities' content='ocr_page ocr_carea ocr_par ocr_line ocrx_word'/>
</head>
<body>
  <div class='ocr_page' id='page_1' title='image "4737182_0100.png"; bbox 0 0 1799 3104; ppageno 0'>
   <div class='ocr_carea' id='block_1_1' title="bbox 248 405 1646 2199">
    <p class='ocr_par' dir='ltr' id='par_1_1' title="bbox 249 405 1646 1332">
     <span class='ocr_line' id='line_1_1' title="bbox 254 405 1645 466; baseline 0.001 -17"><span class='ocrx_word' id='word_1_1' title='bbox 254 406 405 450; x_wconf 89' lang='lat' dir='ltr'>dicitur</span> <span class='ocrx_word' id='word_1_2' title='bbox 446 405 536 448; x_wconf 86' lang='lat' dir='ltr'>»die</span> <span class='ocrx_word' id='word_1_3' title='bbox 568 406 846 466; x_wconf 75' lang='lat' dir='ltr'>Gesinnung.«</span> <span class='ocrx_word' id='word_1_4' title='bbox 919 405 1040 457; x_wconf 89' lang='lat' dir='ltr'>Quod</span> <span class='ocrx_word' id='word_1_5' title='bbox 1083 423 1180 451; x_wconf 88' lang='lat' dir='ltr'>vero</span> <span class='ocrx_word' id='word_1_6' title='bbox 1222 408 1274 450; x_wconf 86' lang='lat' dir='ltr'>ad</span> <span class='ocrx_word' id='word_1_7' title='bbox 1313 410 1537 451; x_wconf 86' lang='lat' dir='ltr'>sententias</span> <span class='ocrx_word' id='word_1_8' title='bbox 1568 423 1645 466; x_wconf 91' lang='lat' dir='ltr'>po-</span> 
     </span>
     <span class='ocr_line' id='line_1_2' title="bbox 251 486 1646 545; baseline 0 -16"><span class='ocrx_word' id='word_1_9' title='bbox 251 487 383 529; x_wconf 89' lang='lat' dir='ltr'>liticas</span> <span class='ocrx_word' id='word_1_10' title='bbox 426 488 593 538; x_wconf 82' lang='lat' dir='ltr'>attinet,</span> <span class='ocrx_word' id='word_1_11' title='bbox 635 487 825 545; x_wconf 83' lang='lat' dir='ltr'>politicae</span> <span class='ocrx_word' id='word_1_12' title='bbox 866 488 907 529; x_wconf 91' lang='lat' dir='ltr'>in</span> <span class='ocrx_word' id='word_1_13' title='bbox 948 488 1164 545; x_wconf 90' lang='lat' dir='ltr'>utriusque</span> <span class='ocrx_word' id='word_1_14' title='bbox 1209 501 1334 545; x_wconf 88' lang='lat' dir='ltr'>opere</span> <span class='ocrx_word' id='word_1_15' title='bbox 1382 501 1473 529; x_wconf 89' lang='lat' dir='ltr'>cum</span> <span class='ocrx_word' id='word_1_16' title='bbox 1514 486 1646 530; x_wconf 90' lang='lat' dir='ltr'>ethica</span> 
     </span>
     <span class='ocr_line' id='line_1_3' title="bbox 254 563 1644 623; baseline -0.001 -15"><span class='ocrx_word' id='word_1_17' title='bbox 254 568 502 616; x_wconf 89' lang='lat' dir='ltr'>coniunctio,</span> <span class='ocrx_word' id='word_1_18' title='bbox 536 581 657 622; x_wconf 85' lang='lat' dir='ltr'>quam</span> <span class='ocrx_word' id='word_1_19' title='bbox 689 566 807 608; x_wconf 88' lang='lat' dir='ltr'>Plato</span> <span class='ocrx_word' id='word_1_20' title='bbox 838 565 998 623; x_wconf 88' lang='lat' dir='ltr'>probat,</span> <span class='ocrx_word' id='word_1_21' title='bbox 1031 565 1277 608; x_wconf 83' lang='lat' dir='ltr'>Aristoteles</span> <span class='ocrx_word' id='word_1_22' title='bbox 1308 563 1445 607; x_wconf 87' lang='lat' dir='ltr'>verbis</span> <span class='ocrx_word' id='word_1_23' title='bbox 1479 564 1644 622; x_wconf 88' lang='lat' dir='ltr'>quidem</span> 
     </span>
     <span class='ocr_line' id='line_1_4' title="bbox 251 642 1643 702; baseline -0.001 -16"><span class='ocrx_word' id='word_1_24' title='bbox 251 645 478 702; x_wconf 85' lang='lat' dir='ltr'>impugnat,</span> <span class='ocrx_word' id='word_1_25' title='bbox 514 657 657 686; x_wconf 86' lang='lat' dir='ltr'>revera</span> <span class='ocrx_word' id='word_1_26' title='bbox 689 648 826 686; x_wconf 90' lang='lat' dir='ltr'>tamen</span> <span class='ocrx_word' id='word_1_27' title='bbox 858 657 910 686; x_wconf 91' lang='lat' dir='ltr'>ne</span> <span class='ocrx_word' id='word_1_28' title='bbox 940 645 1028 702; x_wconf 91' lang='lat' dir='ltr'>ipse</span> <span class='ocrx_word' id='word_1_29' title='bbox 1058 642 1222 702; x_wconf 89' lang='lat' dir='ltr'>quidem</span> <span class='ocrx_word' id='word_1_30' title='bbox 1260 642 1493 702; x_wconf 70' lang='lat' dir='ltr'>relinquere</span> <span class='ocrx_word' id='word_1_31' title='bbox 1524 648 1643 702; x_wconf 89' lang='lat' dir='ltr'>pote-</span> 
     </span>
     <span class='ocr_line' id='line_1_5' title="bbox 251 720 1643 780; baseline 0 -16"><span class='ocrx_word' id='word_1_32' title='bbox 251 728 326 773; x_wconf 84' lang='lat' dir='ltr'>rat,</span> <span class='ocrx_word' id='word_1_33' title='bbox 370 721 565 780; x_wconf 88' lang='lat' dir='ltr'>impedit,</span> <span class='ocrx_word' id='word_1_34' title='bbox 607 724 850 780; x_wconf 85' lang='lat' dir='ltr'>quominus,</span> <span class='ocrx_word' id='word_1_35' title='bbox 899 737 1003 780; x_wconf 91' lang='lat' dir='ltr'>quae</span> <span class='ocrx_word' id='word_1_36' title='bbox 1045 728 1142 765; x_wconf 87' lang='lat' dir='ltr'>sunt</span> <span class='ocrx_word' id='word_1_37' title='bbox 1179 722 1230 765; x_wconf 92' lang='lat' dir='ltr'>de</span> <span class='ocrx_word' id='word_1_38' title='bbox 1275 723 1475 765; x_wconf 87' lang='lat' dir='ltr'>institutis</span> <span class='ocrx_word' id='word_1_39' title='bbox 1511 720 1643 780; x_wconf 88' lang='lat' dir='ltr'>deque</span> 
     </span>
     <span class='ocr_line' id='line_1_6' title="bbox 249 800 1641 859; baseline -0.001 -16"><span class='ocrx_word' id='word_1_40' title='bbox 249 802 462 844; x_wconf 89' lang='lat' dir='ltr'>hominum</span> <span class='ocrx_word' id='word_1_41' title='bbox 496 803 539 843; x_wconf 91' lang='lat' dir='ltr'>in</span> <span class='ocrx_word' id='word_1_42' title='bbox 573 803 735 844; x_wconf 88' lang='lat' dir='ltr'>civitate</span> <span class='ocrx_word' id='word_1_43' title='bbox 774 800 1023 852; x_wconf 81' lang='lat' dir='ltr'>conditione,</span> <span class='ocrx_word' id='word_1_44' title='bbox 1061 802 1237 844; x_wconf 87' lang='lat' dir='ltr'>discreta</span> <span class='ocrx_word' id='word_1_45' title='bbox 1266 801 1317 844; x_wconf 85' lang='lat' dir='ltr'>ab</span> <span class='ocrx_word' id='word_1_46' title='bbox 1350 801 1495 843; x_wconf 80' lang='lat' dir='ltr'>ethicis</span> <span class='ocrx_word' id='word_1_47' title='bbox 1528 803 1641 859; x_wconf 91' lang='lat' dir='ltr'>prin-</span> 
     </span>
     <span class='ocr_line' id='line_1_7' title="bbox 252 880 1643 939; baseline -0.001 -17"><span class='ocrx_word' id='word_1_48' title='bbox 252 881 368 939; x_wconf 89' lang='lat' dir='ltr'>cipiis</span> <span class='ocrx_word' id='word_1_49' title='bbox 415 895 492 938; x_wconf 90' lang='lat' dir='ltr'>per</span> <span class='ocrx_word' id='word_1_50' title='bbox 523 895 566 923; x_wconf 90' lang='lat' dir='ltr'>se</span> <span class='ocrx_word' id='word_1_51' title='bbox 601 882 917 924; x_wconf 86' lang='lat' dir='ltr'>constituantur.</span> <span class='ocrx_word' id='word_1_52' title='bbox 981 880 1158 939; x_wconf 85' lang='lat' dir='ltr'>Impedit</span> <span class='ocrx_word' id='word_1_53' title='bbox 1189 880 1443 939; x_wconf 83' lang='lat' dir='ltr'>singulorum</span> <span class='ocrx_word' id='word_1_54' title='bbox 1479 894 1643 937; x_wconf 87' lang='lat' dir='ltr'>quoque</span> 
     </span>
     <span class='ocr_line' id='line_1_8' title="bbox 249 957 1638 1017; baseline -0.001 -17"><span class='ocrx_word' id='word_1_55' title='bbox 249 958 416 1001; x_wconf 87' lang='lat' dir='ltr'>libertas</span> <span class='ocrx_word' id='word_1_56' title='bbox 457 973 562 1016; x_wconf 89' lang='lat' dir='ltr'>quae</span> <span class='ocrx_word' id='word_1_57' title='bbox 594 958 684 1017; x_wconf 86' lang='lat' dir='ltr'>lege</span> <span class='ocrx_word' id='word_1_58' title='bbox 717 959 883 1017; x_wconf 84' lang='lat' dir='ltr'>politica</span> <span class='ocrx_word' id='word_1_59' title='bbox 925 961 1045 1001; x_wconf 91' lang='lat' dir='ltr'>nimis</span> <span class='ocrx_word' id='word_1_60' title='bbox 1084 964 1309 1002; x_wconf 70' lang='lat' dir='ltr'>coercetur.</span> <span class='ocrx_word' id='word_1_61' title='bbox 1382 957 1483 1001; x_wconf 85' lang='lat' dir='ltr'>Nam</span> <span class='ocrx_word' id='word_1_62' title='bbox 1518 971 1638 1015; x_wconf 83' lang='lat' dir='ltr'>quam</span> 
     </span>
     <span class='ocr_line' id='line_1_9' title="bbox 250 1037 1642 1095; baseline -0.001 -16"><span class='ocrx_word' id='word_1_63' title='bbox 250 1037 497 1080; x_wconf 86' lang='lat' dir='ltr'>Aristoteles</span> <span class='ocrx_word' id='word_1_64' title='bbox 539 1038 710 1095; x_wconf 81' lang='lat' dir='ltr'>singulis</span> <span class='ocrx_word' id='word_1_65' title='bbox 759 1037 993 1080; x_wconf 89' lang='lat' dir='ltr'>hominibus</span> <span class='ocrx_word' id='word_1_66' title='bbox 1045 1038 1275 1081; x_wconf 84' lang='lat' dir='ltr'>libertatem</span> <span class='ocrx_word' id='word_1_67' title='bbox 1321 1037 1486 1088; x_wconf 82' lang='lat' dir='ltr'>tribuit,</span> <span class='ocrx_word' id='word_1_68' title='bbox 1533 1051 1579 1078; x_wconf 85' lang='lat' dir='ltr'>ea</span> <span class='ocrx_word' id='word_1_69' title='bbox 1621 1052 1642 1078; x_wconf 89' lang='lat' dir='ltr'>a</span> 
     </span>
     <span class='ocr_line' id='line_1_10' title="bbox 250 1115 1641 1174; baseline -0.001 -17"><span class='ocrx_word' id='word_1_70' title='bbox 250 1130 347 1158; x_wconf 85' lang='lat' dir='ltr'>vera</span> <span class='ocrx_word' id='word_1_71' title='bbox 376 1115 566 1158; x_wconf 87' lang='lat' dir='ltr'>libertate</span> <span class='ocrx_word' id='word_1_72' title='bbox 602 1116 776 1158; x_wconf 87' lang='lat' dir='ltr'>multum</span> <span class='ocrx_word' id='word_1_73' title='bbox 818 1116 976 1169; x_wconf 84' lang='lat' dir='ltr'>differt,</span> <span class='ocrx_word' id='word_1_74' title='bbox 1017 1132 1107 1160; x_wconf 90' lang='lat' dir='ltr'>cum</span> <span class='ocrx_word' id='word_1_75' title='bbox 1138 1119 1295 1168; x_wconf 88' lang='lat' dir='ltr'>omnia,</span> <span class='ocrx_word' id='word_1_76' title='bbox 1346 1131 1451 1174; x_wconf 86' lang='lat' dir='ltr'>quae</span> <span class='ocrx_word' id='word_1_77' title='bbox 1489 1117 1531 1157; x_wconf 91' lang='lat' dir='ltr'>in</span> <span class='ocrx_word' id='word_1_78' title='bbox 1571 1129 1641 1157; x_wconf 89' lang='lat' dir='ltr'>cos</span> 
     </span>
     <span class='ocr_line' id='line_1_11' title="bbox 250 1193 1642 1254; baseline -0.001 -17"><span class='ocrx_word' id='word_1_79' title='bbox 250 1193 397 1237; x_wconf 84' lang='lat' dir='ltr'>cadant</span> <span class='ocrx_word' id='word_1_80' title='bbox 438 1200 560 1253; x_wconf 88' lang='lat' dir='ltr'>atque</span> <span class='ocrx_word' id='word_1_81' title='bbox 603 1197 740 1238; x_wconf 87' lang='lat' dir='ltr'>omnia</span> <span class='ocrx_word' id='word_1_82' title='bbox 789 1211 895 1253; x_wconf 88' lang='lat' dir='ltr'>quae</span> <span class='ocrx_word' id='word_1_83' title='bbox 936 1201 1077 1254; x_wconf 82' lang='lat' dir='ltr'>agant,</span> <span class='ocrx_word' id='word_1_84' title='bbox 1128 1197 1292 1238; x_wconf 88' lang='lat' dir='ltr'>nonnisi</span> <span class='ocrx_word' id='word_1_85' title='bbox 1335 1194 1386 1237; x_wconf 87' lang='lat' dir='ltr'>ad</span> <span class='ocrx_word' id='word_1_86' title='bbox 1426 1196 1642 1237; x_wconf 87' lang='lat' dir='ltr'>universae</span> 
     </span>
     <span class='ocr_line' id='line_1_12' title="bbox 250 1273 1045 1332; baseline 0.003 -18"><span class='ocrx_word' id='word_1_87' title='bbox 250 1274 425 1315; x_wconf 87' lang='lat' dir='ltr'>civitatis</span> <span class='ocrx_word' id='word_1_88' title='bbox 460 1274 719 1316; x_wconf 89' lang='lat' dir='ltr'>commodum</span> <span class='ocrx_word' id='word_1_89' title='bbox 751 1273 840 1316; x_wconf 88' lang='lat' dir='ltr'>fieri</span> <span class='ocrx_word' id='word_1_90' title='bbox 872 1276 1045 1332; x_wconf 89' lang='lat' dir='ltr'>possint.</span> 
     </span>
    </p>

    <p class='ocr_par' dir='ltr' id='par_1_2' title="bbox 248 1351 1641 2199">
     <span class='ocr_line' id='line_1_13' title="bbox 372 1351 1637 1409; baseline 0.001 -16"><span class='ocrx_word' id='word_1_91' title='bbox 372 1352 484 1393; x_wconf 88' lang='lat' dir='ltr'>Haec</span> <span class='ocrx_word' id='word_1_92' title='bbox 519 1351 710 1402; x_wconf 84' lang='lat' dir='ltr'>fuerunt,</span> <span class='ocrx_word' id='word_1_93' title='bbox 764 1368 868 1409; x_wconf 88' lang='lat' dir='ltr'>quae</span> <span class='ocrx_word' id='word_1_94' title='bbox 905 1352 955 1394; x_wconf 87' lang='lat' dir='ltr'>de</span> <span class='ocrx_word' id='word_1_95' title='bbox 994 1354 1156 1394; x_wconf 86' lang='lat' dir='ltr'>civitate</span> <span class='ocrx_word' id='word_1_96' title='bbox 1188 1367 1211 1394; x_wconf 87' lang='lat' dir='ltr'>a</span> <span class='ocrx_word' id='word_1_97' title='bbox 1242 1352 1415 1394; x_wconf 89' lang='lat' dir='ltr'>Platone</span> <span class='ocrx_word' id='word_1_98' title='bbox 1449 1353 1491 1393; x_wconf 90' lang='lat' dir='ltr'>in</span> <span class='ocrx_word' id='word_1_99' title='bbox 1522 1351 1637 1394; x_wconf 90' lang='lat' dir='ltr'>libris</span> 
     </span>
     <span class='ocr_line' id='line_1_14' title="bbox 249 1429 1641 1490; baseline 0 -17"><span class='ocrx_word' id='word_1_100' title='bbox 249 1430 299 1473; x_wconf 92' lang='lat' dir='ltr'>de</span> <span class='ocrx_word' id='word_1_101' title='bbox 338 1430 549 1489; x_wconf 84' lang='lat' dir='ltr'>republica</span> <span class='ocrx_word' id='word_1_102' title='bbox 592 1433 806 1490; x_wconf 85' lang='lat' dir='ltr'>proposita</span> <span class='ocrx_word' id='word_1_103' title='bbox 848 1437 889 1474; x_wconf 90' lang='lat' dir='ltr'>et</span> <span class='ocrx_word' id='word_1_104' title='bbox 937 1431 987 1473; x_wconf 92' lang='lat' dir='ltr'>de</span> <span class='ocrx_word' id='word_1_105' title='bbox 1028 1433 1190 1474; x_wconf 87' lang='lat' dir='ltr'>civitate</span> <span class='ocrx_word' id='word_1_106' title='bbox 1219 1431 1462 1474; x_wconf 87' lang='lat' dir='ltr'>Aristotelia</span> <span class='ocrx_word' id='word_1_107' title='bbox 1499 1429 1641 1489; x_wconf 89' lang='lat' dir='ltr'>dispu-</span> 
     </span>
     <span class='ocr_line' id='line_1_15' title="bbox 251 1510 1640 1568; baseline 0 -16"><span class='ocrx_word' id='word_1_108' title='bbox 251 1519 444 1552; x_wconf 86' lang='lat' dir='ltr'>taremus.</span> <span class='ocrx_word' id='word_1_109' title='bbox 531 1510 710 1552; x_wconf 83' lang='lat' dir='ltr'>Tantum</span> <span class='ocrx_word' id='word_1_110' title='bbox 755 1510 921 1568; x_wconf 89' lang='lat' dir='ltr'>quidem</span> <span class='ocrx_word' id='word_1_111' title='bbox 971 1511 1106 1562; x_wconf 89' lang='lat' dir='ltr'>abest,</span> <span class='ocrx_word' id='word_1_112' title='bbox 1167 1516 1214 1553; x_wconf 92' lang='lat' dir='ltr'>ut</span> <span class='ocrx_word' id='word_1_113' title='bbox 1271 1511 1376 1553; x_wconf 90' lang='lat' dir='ltr'>hanc</span> <span class='ocrx_word' id='word_1_114' title='bbox 1430 1511 1640 1552; x_wconf 87' lang='lat' dir='ltr'>materiem</span> 
     </span>
     <span class='ocr_line' id='line_1_16' title="bbox 248 1588 1640 1648; baseline 0 -18"><span class='ocrx_word' id='word_1_115' title='bbox 248 1589 333 1631; x_wconf 86' lang='lat' dir='ltr'>ullo</span> <span class='ocrx_word' id='word_1_116' title='bbox 383 1588 505 1631; x_wconf 89' lang='lat' dir='ltr'>modo</span> <span class='ocrx_word' id='word_1_117' title='bbox 550 1589 886 1641; x_wconf 74' lang='lat' dir='ltr'>exhauserimus,</span> <span class='ocrx_word' id='word_1_118' title='bbox 930 1595 996 1641; x_wconf 91' lang='lat' dir='ltr'>ut,</span> <span class='ocrx_word' id='word_1_119' title='bbox 1055 1589 1232 1648; x_wconf 87' lang='lat' dir='ltr'>plurima</span> <span class='ocrx_word' id='word_1_120' title='bbox 1279 1604 1393 1640; x_wconf 92' lang='lat' dir='ltr'>esse,</span> <span class='ocrx_word' id='word_1_121' title='bbox 1456 1603 1559 1646; x_wconf 91' lang='lat' dir='ltr'>quae</span> <span class='ocrx_word' id='word_1_122' title='bbox 1598 1590 1640 1630; x_wconf 88' lang='lat' dir='ltr'>in</span> 
     </span>
     <span class='ocr_line' id='line_1_17' title="bbox 248 1666 1641 1726; baseline 0.001 -18"><span class='ocrx_word' id='word_1_123' title='bbox 248 1667 324 1710; x_wconf 89' lang='lat' dir='ltr'>hac</span> <span class='ocrx_word' id='word_1_124' title='bbox 389 1669 732 1710; x_wconf 82' lang='lat' dir='ltr'>commentatione</span> <span class='ocrx_word' id='word_1_125' title='bbox 802 1669 921 1710; x_wconf 86' lang='lat' dir='ltr'>etiam</span> <span class='ocrx_word' id='word_1_126' title='bbox 980 1668 1235 1719; x_wconf 90' lang='lat' dir='ltr'>desiderari,</span> <span class='ocrx_word' id='word_1_127' title='bbox 1303 1666 1477 1726; x_wconf 86' lang='lat' dir='ltr'>plurima</span> <span class='ocrx_word' id='word_1_128' title='bbox 1537 1681 1641 1725; x_wconf 89' lang='lat' dir='ltr'>quae</span> 
     </span>
     <span class='ocr_line' id='line_1_18' title="bbox 249 1745 1640 1805; baseline 0 -17"><span class='ocrx_word' id='word_1_129' title='bbox 249 1746 377 1789; x_wconf 85' lang='lat' dir='ltr'>multo</span> <span class='ocrx_word' id='word_1_130' title='bbox 428 1748 670 1797; x_wconf 84' lang='lat' dir='ltr'>accuratius,</span> <span class='ocrx_word' id='word_1_131' title='bbox 718 1747 978 1805; x_wconf 81' lang='lat' dir='ltr'>diligentius,</span> <span class='ocrx_word' id='word_1_132' title='bbox 1030 1747 1221 1790; x_wconf 90' lang='lat' dir='ltr'>subtilius</span> <span class='ocrx_word' id='word_1_133' title='bbox 1269 1747 1464 1789; x_wconf 84' lang='lat' dir='ltr'>illustrari</span> <span class='ocrx_word' id='word_1_134' title='bbox 1516 1745 1640 1789; x_wconf 88' lang='lat' dir='ltr'>debe-</span> 
     </span>
     <span class='ocr_line' id='line_1_19' title="bbox 251 1825 1639 1884; baseline -0.001 -16"><span class='ocrx_word' id='word_1_135' title='bbox 251 1825 373 1876; x_wconf 85' lang='lat' dir='ltr'>bant,</span> <span class='ocrx_word' id='word_1_136' title='bbox 412 1839 532 1882; x_wconf 86' lang='lat' dir='ltr'>quam</span> <span class='ocrx_word' id='word_1_137' title='bbox 569 1840 645 1867; x_wconf 89' lang='lat' dir='ltr'>nos</span> <span class='ocrx_word' id='word_1_138' title='bbox 690 1826 854 1883; x_wconf 90' lang='lat' dir='ltr'>quidem</span> <span class='ocrx_word' id='word_1_139' title='bbox 898 1825 1092 1877; x_wconf 87' lang='lat' dir='ltr'>fecimus,</span> <span class='ocrx_word' id='word_1_140' title='bbox 1135 1825 1240 1868; x_wconf 87' lang='lat' dir='ltr'>bene</span> <span class='ocrx_word' id='word_1_141' title='bbox 1280 1827 1360 1884; x_wconf 87' lang='lat' dir='ltr'>ipsi</span> <span class='ocrx_word' id='word_1_142' title='bbox 1404 1827 1639 1868; x_wconf 87' lang='lat' dir='ltr'>sentiamus.</span> 
     </span>
     <span class='ocr_line' id='line_1_20' title="bbox 252 1904 1639 1963; baseline -0.001 -16"><span class='ocrx_word' id='word_1_143' title='bbox 252 1904 337 1947; x_wconf 86' lang='lat' dir='ltr'>Sed</span> <span class='ocrx_word' id='word_1_144' title='bbox 354 1910 448 1947; x_wconf 89' lang='lat' dir='ltr'>utut</span> <span class='ocrx_word' id='word_1_145' title='bbox 481 1910 554 1955; x_wconf 88' lang='lat' dir='ltr'>est,</span> <span class='ocrx_word' id='word_1_146' title='bbox 590 1920 654 1946; x_wconf 89' lang='lat' dir='ltr'>me</span> <span class='ocrx_word' id='word_1_147' title='bbox 686 1905 763 1947; x_wconf 92' lang='lat' dir='ltr'>hoc</span> <span class='ocrx_word' id='word_1_148' title='bbox 782 1920 907 1963; x_wconf 87' lang='lat' dir='ltr'>opere</span> <span class='ocrx_word' id='word_1_149' title='bbox 937 1904 1092 1962; x_wconf 90' lang='lat' dir='ltr'>aliquid</span> <span class='ocrx_word' id='word_1_150' title='bbox 1111 1907 1272 1947; x_wconf 84' lang='lat' dir='ltr'>veritati</span> <span class='ocrx_word' id='word_1_151' title='bbox 1301 1905 1486 1947; x_wconf 88' lang='lat' dir='ltr'>attulisse</span> <span class='ocrx_word' id='word_1_152' title='bbox 1518 1918 1639 1961; x_wconf 84' lang='lat' dir='ltr'>spero</span> 
     </span>
     <span class='ocr_line' id='line_1_21' title="bbox 252 1981 1634 2042; baseline -0.002 -16"><span class='ocrx_word' id='word_1_153' title='bbox 252 1991 291 2027; x_wconf 86' lang='lat' dir='ltr'>et</span> <span class='ocrx_word' id='word_1_154' title='bbox 326 1990 439 2042; x_wconf 92' lang='lat' dir='ltr'>opto,</span> <span class='ocrx_word' id='word_1_155' title='bbox 476 1989 517 2026; x_wconf 86' lang='lat' dir='ltr'>et</span> <span class='ocrx_word' id='word_1_156' title='bbox 551 1989 749 2033; x_wconf 86' lang='lat' dir='ltr'>vestram,</span> <span class='ocrx_word' id='word_1_157' title='bbox 791 1985 867 2025; x_wconf 83' lang='lat' dir='ltr'>viri</span> <span class='ocrx_word' id='word_1_158' title='bbox 908 1983 1133 2025; x_wconf 89' lang='lat' dir='ltr'>doctissimi</span> <span class='ocrx_word' id='word_1_159' title='bbox 1175 1999 1219 2025; x_wconf 90' lang='lat' dir='ltr'>ac</span> <span class='ocrx_word' id='word_1_160' title='bbox 1262 1997 1418 2024; x_wconf 89' lang='lat' dir='ltr'>summe</span> <span class='ocrx_word' id='word_1_161' title='bbox 1459 1981 1634 2031; x_wconf 88' lang='lat' dir='ltr'>colendi,</span> 
     </span>
     <span class='ocr_line' id='line_1_22' title="bbox 250 2058 1639 2119; baseline 0 -17"><span class='ocrx_word' id='word_1_162' title='bbox 250 2063 410 2104; x_wconf 81' lang='lat' dir='ltr'>veniam</span> <span class='ocrx_word' id='word_1_163' title='bbox 443 2063 485 2103; x_wconf 91' lang='lat' dir='ltr'>in</span> <span class='ocrx_word' id='word_1_164' title='bbox 519 2061 690 2119; x_wconf 83' lang='lat' dir='ltr'>singulis</span> <span class='ocrx_word' id='word_1_165' title='bbox 733 2061 856 2105; x_wconf 89' lang='lat' dir='ltr'>rebus</span> <span class='ocrx_word' id='word_1_166' title='bbox 898 2061 1284 2105; x_wconf 85' lang='lat' dir='ltr'>benevolentissime</span> <span class='ocrx_word' id='word_1_167' title='bbox 1324 2060 1424 2103; x_wconf 90' lang='lat' dir='ltr'>mihi</span> <span class='ocrx_word' id='word_1_168' title='bbox 1465 2058 1639 2103; x_wconf 84' lang='lat' dir='ltr'>dandam</span> 
     </span>
     <span class='ocr_line' id='line_1_23' title="bbox 248 2145 652 2199; baseline 0 -16"><span class='ocrx_word' id='word_1_169' title='bbox 248 2155 510 2199; x_wconf 87' lang='lat' dir='ltr'>summopere</span> <span class='ocrx_word' id='word_1_170' title='bbox 540 2145 652 2199; x_wconf 87' lang='lat' dir='ltr'>peto.</span> 
     </span>
    </p>
   </div>
  </div>
 </body>
</html>
