1799 3104
229 265 302 318 ⁷0

229 409 457 462 consilium,
493 408 606 468 quod
639 409 948 463 declaravimus,
982 412 1025 455 in
1043 412 1253 456 civitatum
1275 414 1496 470 generibus
1525 428 1621 458 con-

229 490 450 532 stituendis
486 497 731 547 persecutus
774 492 826 532 sit
866 496 907 532 et
939 490 1147 547 quomodo
1181 490 1463 535 conditionum
1496 493 1622 537 Grae-

229 583 367 611 carum
390 570 593 612 rationem
615 568 819 612 habuerit.
884 569 938 612 Ut
969 571 1096 627 igitur
1124 586 1145 612 a
1165 570 1337 613 Platone
1366 572 1621 629 incipiamus,

229 649 404 690 civitatis
445 649 751 690 institutionum
794 648 1117 706 disputationem
1158 649 1207 692 ab
1257 649 1502 709 exponenda
1550 666 1624 694 113-

228 732 320 769 tura
361 728 623 785 regnantium
661 726 866 784 proficisci
907 727 1057 770 debere
1107 728 1332 780 contendit.
1413 729 1467 770 Hi
1517 731 1624 771 enim

229 805 515 848 tantummodo
558 820 757 848 summam
798 808 1009 849 notionem
1051 808 1225 850 civitatis
1263 807 1461 851 imitando
1504 806 1623 851 effin-

227 890 342 942 gunt.
407 884 511 927 Nam
544 884 641 927 dicit
670 884 721 926 ad
752 885 1010 943 regnandum
1044 900 1179 944 neque
1211 901 1281 929 eos
1315 901 1406 930 esse
1436 886 1622 938 idoneos,

228 965 298 1021 qui
344 963 478 1007 ideam
518 962 617 1008 boni
656 978 740 1007 non
788 965 926 1009 intuiti
975 973 1140 1009 careant
1189 981 1371 1011 summae
1412 966 1624 1011 absolutae

225 1042 404 1087 Unitatis
446 1046 679 1102 cognitione
730 1043 908 1102 ideoque
949 1044 1157 1103 quomodo
1203 1060 1341 1090 rerum
1383 1060 1479 1089 vera
1518 1046 1623 1088 ratio

224 1121 377 1166 habeat
408 1139 492 1166 non
524 1125 829 1182 perspexerint,
864 1138 998 1182 neque
1018 1139 1088 1167 eos
1118 1127 1248 1183 quiin
1264 1141 1348 1169 una
1362 1123 1625 1184 philosophia

226 1201 350 1245 modo
403 1203 556 1245 versati
590 1202 860 1245 humanarum
910 1217 1047 1245 rerum
1084 1203 1238 1246 nullam
1270 1204 1392 1262 plane
1424 1205 1624 1247 rationem

226 1280 449 1324 habuerint
487 1280 568 1339 (1).
640 1281 728 1325 Hac
766 1283 873 1324 enim
915 1296 960 1325 re
996 1283 1171 1326 civitatis
1205 1281 1435 1340 εὐδαιμονία
1466 1283 1623 1334 nititur,

226 1378 330 1422 quae
375 1361 597 1406 virtutibus
640 1363 814 1404 civitatis
864 1367 905 1404 et
942 1363 1119 1405 maxime
1168 1364 1324 1406 iustitia
1369 1362 1625 1421 singulorum

224 1442 438 1486 hominum
481 1448 603 1499 atque
657 1440 908 1499 reipublicae
964 1442 1087 1499 viget.
1166 1441 1236 1484 Ad
1281 1456 1478 1485 summam
1526 1456 1624 1484 vero

224 1520 523 1581 perfectionem
561 1522 640 1563 nisi
683 1535 847 1571 eorum,
883 1522 953 1578 qui
999 1520 1288 1578 philosophiae
1318 1522 1518 1579 sapientia
1550 1522 1624 1562 im-

224 1601 315 1644 buti
349 1606 466 1652 sunt,
499 1601 540 1641 vi
568 1600 722 1657 ingenii
752 1598 902 1641 adduci
939 1600 1096 1656 nequit.
1162 1597 1320 1642 Statuit
1350 1600 1477 1658 igitur
1512 1614 1623 1642 sum-

225 1696 332 1723 mam
374 1681 553 1738 optimae
605 1680 780 1721 civitatis
812 1677 946 1721 ideam
978 1692 1086 1728 eam,
1122 1692 1242 1735 quam
1275 1678 1351 1721 sub
1377 1677 1494 1720 ideae
1525 1677 1624 1720 boni

225 1760 403 1818 imagine
446 1757 672 1800 absolutam
722 1756 929 1800 Unitatem
970 1755 1243 1816 descripserat
1285 1762 1326 1800 et
1356 1758 1411 1800 ita
1445 1756 1623 1815 quidem,

225 1844 274 1881 ut
306 1852 449 1881 omnes
482 1842 622 1895 partes
663 1837 818 1894 pariter
858 1835 1126 1894 pervaderet,
1170 1850 1275 1894 quae
1315 1835 1480 1894 quidem
1521 1850 1624 1893 quo-

226 1916 349 1960 modo
383 1918 425 1958 in
457 1917 620 1958 civitate
642 1914 827 1958 adhiberi
858 1920 1083 1973 oporteret,
1114 1929 1200 1957 non
1220 1913 1477 1972 significavit.
1540 1912 1624 1955 Ne-

229 2010 308 2053 que
338 2010 437 2036 vero
469 1994 549 2036 hoc
581 1995 624 2035 in
648 1995 710 2043 iis,
746 2008 849 2050 quae
886 1993 936 2034 de
970 1993 1173 2035 bonorum
1206 1998 1246 2034 et
1266 1992 1482 2034 mulierum
1515 2006 1623 2033 com-

226 2074 454 2116 munnione
503 2071 720 2121 disseruit,
772 2070 926 2114 factum
961 2085 1051 2114 esse
1105 2069 1344 2115 confirmare
1398 2069 1512 2122 licet,
1563 2072 1625 2113 uti

229 2154 421 2212 superius
448 2151 626 2210 probare
645 2153 780 2193 conati
809 2166 965 2193 sumus.
1008 2149 1169 2201 Quibus
1203 2149 1254 2192 de
1276 2150 1402 2193 rebus
1427 2155 1507 2191 tam
1526 2149 1623 2191 hae-

230 2234 402 2275 sitanter
436 2235 477 2273 et
510 2236 592 2273 tam
624 2229 767 2273 timide
800 2228 1015 2288 professus
1043 2234 1118 2280 est,
1151 2234 1199 2272 ut
1231 2228 1282 2271 de
1314 2229 1519 2271 sententia
1549 2242 1623 2270 no-

228 2310 291 2354 bis
324 2310 498 2369 probata
528 2324 612 2352 11011
638 2307 909 2352 dubitandum
943 2310 1008 2351 sit.
1073 2308 1156 2350 lam
1188 2306 1400 2366 profectus
1426 2322 1448 2348 a
1468 2320 1625 2349 summa

229 2391 410 2434 omnium
443 2404 582 2432 rerum
613 2402 718 2446 quae
750 2389 862 2430 visae
894 2393 992 2431 sunt
1022 2392 1063 2429 et
1094 2392 1286 2445 acceptae
1319 2384 1508 2429 sensibus
1540 2387 1625 2428 aniz

229 2472 367 2528 mique
406 2470 622 2512 notionum
663 2473 785 2525 atque
828 2468 1034 2510 rationum
1074 2465 1241 2510 Unitate
1273 2479 1394 2522 quam
1426 2479 1624 2508 summam

230 2551 353 2591 animi
383 2547 682 2607 perfectionem
715 2546 914 2605 depingit,
953 2573 999 2578 —
1033 2559 1168 2603 neque
1197 2542 1322 2585 ullius
1352 2545 1412 2585 rei
1440 2545 1519 2587 nisi
1543 2543 1622 2586 hu-

231 2629 294 2669 ius
326 2629 490 2670 virtutis
524 2627 603 2669 Dei
636 2626 778 2669 similis
809 2624 1059 2668 desiderium
1090 2620 1325 2666 hominibus
1357 2623 1474 2666 initio
1506 2622 1622 2665 inna-

330 2797 385 2845 (1)
413 2798 504 2834 mat.
532 2798 575 2831 «le
600 2808 673 2841 rep.
700 2797 789 2840 vll„
814 2808 848 2840 p.
873 2795 960 2834 519.
988 2796 1026 2830 C.
