1799 3104
1523 252 1591 304 45

209 399 420 443 Platonem
461 403 602 455 postea
643 398 874 454 castigavit,
919 398 1069 455 quippe
1110 398 1177 454 qui
1228 412 1350 440 unam
1392 395 1595 439 duntaxat

211 476 496 520 democratiam
529 481 571 519 et
589 473 851 535 oligarchiam
881 476 1188 525 existimaverit,
1222 489 1310 517 cum
1343 481 1479 518 tamen
1496 473 1591 533 plu-

208 569 273 598 res
306 556 399 598 sint.
462 556 543 598 lam
582 564 676 597 ante
718 555 853 596 omnia
891 555 1285 604 necessariumest,
1316 553 1589 610 legislatorem

206 633 271 675 vel
304 648 374 676 eos
404 635 473 690 qui
514 632 805 690 rempublicam
848 631 1024 674 condere
1054 631 1201 682 velint,
1243 630 1404 674 diversa
1443 647 1592 689 genera

206 714 508 756 institutionum
551 712 725 754 civitatis
758 727 841 754 non
873 710 1030 769 fugere,
1096 710 1277 760 Quarum
1309 712 1466 769 origine
1499 711 1592 754 illu-

206 796 332 834 strata
362 792 403 833 et
435 804 633 848 quaenam
665 792 747 833 sint
780 792 977 848 cuiusque
1009 792 1180 848 species,
1214 795 1422 848 postremo
1454 790 1599 854 adiicit⁵

205 877 289 913 tres
317 869 475 911 illarum
509 866 784 925 παρεκβάσεις,
820 884 924 926 quae
949 873 1242 927 nuncupantur
1275 868 1507 926 oligarchia,
1540 869 1590 911 de

205 949 398 992 mocratia
442 954 482 990 et
531 949 727 1006 tyrannis.
793 946 991 1006 Sequitur
1025 946 1173 990 deinde
1205 948 1366 1006 longior
1399 947 1591 1006 disquisi-

206 1030 284 1079 tio,
330 1042 409 1085 qua
450 1025 730 1070 conditionum
769 1027 1046 1084 politicarum,
1091 1026 1230 1083 quales
1263 1042 1346 1069 non
1384 1026 1506 1069 modo
1548 1029 1589 1069 in

205 1104 436 1150 civitatibus
469 1104 662 1158 Graecis,¹
683 1104 756 1148 sed
794 1105 948 1164 ubique
981 1110 1213 1156 occurrunt,
1244 1104 1418 1149 mediam
1452 1111 1491 1149 et
1523 1121 1591 1149 ae-

205 1200 324 1242 quam
359 1187 556 1227 rationem
584 1187 767 1226 invenire
799 1185 951 1235 studet,
986 1187 1041 1226 ita
1072 1189 1120 1226 ut
1145 1184 1279 1226 nullus
1312 1184 1426 1235 ordo,
1457 1200 1591 1242 neque

202 1277 443 1322 pauperum,
476 1277 610 1320 neque
643 1262 828 1314 divitum,
859 1262 971 1306 nulla
1004 1263 1171 1305 omnino
1195 1277 1261 1305 res
1292 1263 1357 1314 sit,
1392 1278 1494 1320 quae
1527 1266 1587 1306 ni-

202 1343 327 1384 mium
355 1343 399 1384 in
431 1342 592 1384 civitate
625 1341 768 1384 valeat.
832 1340 930 1384 Eam
964 1343 1130 1384 omnino
1155 1343 1350 1399 optimam
1386 1343 1588 1384 civitatem

205 1426 364 1472 censet,
406 1435 485 1479 qua
526 1422 657 1464 virtus
703 1419 903 1464 eiusmodi
945 1419 1260 1479 praescribatur,
1290 1435 1393 1478 quae
1435 1420 1587 1466 finibus

203 1500 413 1543 hominum
445 1501 584 1558 generi
618 1499 867 1557 attingendis
915 1501 1091 1542 maxime
1123 1501 1175 1542 sit
1213 1505 1506 1552 consentanea,
1548 1508 1587 1544 et

201 1579 273 1622 ubi
303 1592 439 1621 rerum
472 1578 730 1636 politicarum
762 1577 939 1620 medium
973 1577 1179 1635 quoddam
1211 1583 1346 1621 exstet
1379 1577 1455 1637 (1).
1519 1580 1586 1623 ln—

203 1656 356 1715 digetat
397 1663 629 1715 postremo,
663 1670 743 1714 qua
776 1659 818 1699 in
849 1671 895 1698 re
930 1659 1125 1699 consistat
1155 1660 1323 1714 ἐνέργεια
1364 1660 1495 1701 omnis
1529 1661 1586 1701 ci-

200 1736 337 1778 vitatis
370 1740 411 1777 et
442 1749 641 1793 quaenam
672 1736 785 1793 quasi
823 1736 1040 1793 primariae
1084 1736 1172 1777 eius
1201 1741 1340 1794 partes
1384 1737 1466 1779 sint
1505 1743 1586 1780 sta-

200 1819 321 1857 tuens
343 1815 521 1872 primum
552 1812 596 1856 τὸ
627 1811 926 1870 βουλέυόμενον,
971 1812 1120 1856 deinde
1152 1813 1196 1856 τὸ
1227 1816 1316 1870 περὶ
1348 1813 1419 1865 τάς
1451 1814 1584 1872 ἀρχάς,

200 1891 378 1950 denique
408 1892 453 1935 τὸ
485 1890 642 1943 δικάζον
662 1891 739 1950 (2),
804 1891 956 1942 Quinto
984 1892 1090 1935 libro
1125 1907 1265 1935 causas
1296 1896 1584 1946 mutationum,

203 1973 538 2022 conversionum,
584 1977 624 2014 et
656 1971 805 2029 quibus
838 1971 962 2015 rebus
986 1977 1110 2029 queat
1150 1987 1416 2031 quaecunque
1447 1976 1587 2017 civit-a-

199 2052 252 2093 tis
278 2037 414 2093 *forma
446 2056 517 2094 aut
548 2053 716 2094 interire
749 2057 819 2094 aut
854 2053 1099 2102 conservari,
1137 2066 1184 2093 eo
1218 2051 1362 2095 ordine
1392 2068 1583 2111 perscru-

201 2134 331 2181 tatur,
382 2144 501 2187 quem
546 2131 662 2173 initio
699 2130 822 2172 huius
864 2129 958 2172 libri
996 2129 1161 2173 indicat.
1235 2130 1335 2173 Cum
1367 2131 1430 2174 his
1476 2138 1585 2175 arcte

201 2207 440 2260 cohaerent,
482 2224 585 2266 qnae
619 2214 739 2251 sexto
770 2208 875 2251 libro
909 2208 1091 2267 disputat
1126 2209 1175 2252 de
1207 2209 1351 2261 modo,
1386 2226 1467 2267 quo
1501 2214 1584 2254 sin-

198 2287 385 2345 gularum
431 2288 736 2331 institutionum
785 2292 825 2329 et
880 2289 1055 2330 maxime
1103 2287 1264 2345 quidem
1324 2289 1584 2348 oligarchiae,

198 2368 416 2417 πολιτείας,
459 2381 563 2424 quae
604 2380 729 2409 sensu
769 2366 994 2424 angustiori
1038 2365 1207 2418 dicitur,
1242 2372 1282 2410 et
1312 2366 1584 2413 democratiae

197 2446 395 2488 transitus
425 2443 509 2488 fiat.
581 2444 682 2488 Nam
724 2449 818 2488 sunt
848 2445 950 2487 haec
985 2447 1120 2488 omnia
1142 2462 1252 2490 mera
1277 2463 1417 2492 earum
1447 2465 1581 2492 rerum

200 2524 497 2583 supplementa,
523 2540 623 2584 quas
654 2525 757 2568 libro
780 2524 1052 2583 praecedente
1078 2527 1337 2585 imperfectas
1365 2530 1483 2571 etiam
1518 2544 1583 2571 re-

196 2602 383 2660 liquerat.

450 2683 486 2690 1*-

295 2710 348 2757 (1)
375 2716 433 2750 Ar.
461 2715 532 2756 pol.
560 2716 631 2756 IV„
657 2716 680 2747 9
706 2725 779 2756 sqq.

295 2770 348 2815 (2)
376 2774 436 2809 Ar.
462 2775 535 2816 pol.
561 2776 629 2818 lv„
656 2774 809 2811 11—13.
