1799 3104
208 222 276 277 46

332 362 487 413 Quarta
532 364 710 423 denique
750 365 874 407 huius
915 367 1052 423 operis
1081 378 1202 423 pars,
1245 380 1349 423 quae
1386 367 1490 411 libro
1532 381 1597 409 sc-

208 448 337 503 11111110
358 451 400 488 81
423 451 569 488 octavo
595 448 840 496 continetur,
871 446 1082 488 notionem
1101 443 1306 487 felicitatis
1325 445 1520 491 describit
1534 444 1597 505 (1)

208 523 399 583 bonaque
434 528 606 567 externa
637 523 817 574 exhibet,
852 522 1001 582 quibus
1026 538 1130 584 opus
1163 525 1235 576 sit,
1266 528 1315 566 ut
1346 525 1487 567 civitas
1514 526 1598 568 vir-

211 609 342 646 tutem
383 609 423 645 et
464 618 551 646 eam
580 618 685 659 quae
726 603 822 645 inde
852 605 1035 645 nascitur
1074 603 1312 647 felicitatem
1346 605 1480 661 possit
1511 604 1598 647 adi·

210 682 313 740 pisci
341 679 430 737 (2),
471 679 620 723 deinde
658 666 858 723 rationem
893 679 1083 733 illustrat,
1117 696 1243 739 quae..
1269 684 1376 725 inter
1414 681 1598 741 singulos

209 761 396 802 homines
426 767 467 802 et
490 761 723 802 universam
749 761 953 802 civitatem
980 759 1219 811 intercedat,
1255 766 1296 802 et
1318 761 1483 818 quidem
1513 761 1599 818 pri-

209 853 346 890 mum,
389 853 511 897 quam
540 843 699 897 partem
728 837 906 881 habeant
937 837 995 881 illi
1028 839 1201 882 civitatis
1240 837 1598 890 administrandae,

210 917 360 960 deinde
394 917 624 960 cuiusmodi
658 920 711 959 sit
741 919 871 960 virtus
903 920 1026 961 unius
1060 919 1237 962 hominis
1272 925 1313 961 et
1335 918 1597 977 reipublicae,

212 996 403 1055 Denique
436 995 488 1038 118
526 998 685 1039 ratione
733 998 829 1055 agit,
872 1012 952 1054 qna
975 997 1195 1040 hominum
1236 999 1399 1056 ingenia
1429 997 1600 1043 colenda

210 1077 304 1126 sint,
338 1080 384 1117 ut
413 1074 465 1117 ad
497 1090 666 1117 munera
707 1075 958 1132 reipublicae
1001 1075 1342 1126 administranda,
1381 1090 1456 1118 seu
1488 1075 1600 1133 quod

213 1153 320 1197 idem
350 1153 542 1204 denotat,
583 1158 629 1195 ut
662 1152 713 1195 ad
743 1152 980 1195 felicitatem
1021 1155 1109 1196 eius
1147 1152 1339 1196 tuendam
1373 1159 1415 1196 et
1445 1167 1599 1212 augen-

214 1232 305 1275 dam
338 1232 478 1275 idonei
518 1247 607 1274 esse
649 1233 829 1290 possint,
874 1247 954 1289 qua
986 1233 1029 1274 in
1060 1247 1104 1274 re
1138 1231 1283 1274 similia
1325 1231 1598 1289 atquePlato

210 1315 453 1370 persecutus
501 1315 575 1353 est.
663 1310 790 1369 Apud
827 1315 1051 1368 utrumque
1099 1312 1207 1354 enim
1245 1312 1308 1353 uti
1346 1309 1513 1370 politica
1559 1316 1601 1354 et

212 1391 345 1434 ethica
385 1392 517 1434 virtus
566 1389 729 1440 eadem,
777 1391 834 1431 ita
876 1389 1092 1448 singularis
1133 1403 1296 1448 quoque
1330 1374 1460 1433 'hom‘o
1499 1388 1601 1433 nihil

212 1475 276 1511 est
316 1471 395 1511 nisi
440 1469 537 1519 ζῶον
575 1465 790 1517 πολιτικόν,
832 1469 948 1508 cuius
987 1469 1118 1509 virtus
1160 1470 1240 1510 nisi
1282 1467 1450 1526 politica
1487 1468 1601 1510 nulla

212 1549 377 1591 exsistit
404 1545 491 1605 (3).
575 1544 665 1597 Qua
702 1561 747 1589 re
780 1545 969 1589 educatio
1012 1561 1095 1589 non
1138 1548 1181 1589 in
1213 1546 1418 1605 singulos,
1451 1545 1526 1590 5811
1556 1548 1599 1590 111

211 1628 416 1669 civitatem
448 1624 569 1668 cadit.
632 1625 693 1667 Eo
726 1630 862 1667 autem
894 1624 1122 1682 discrepat,
1156 1624 1268 1682 quod
1297 1624 1415 1668 Plato
1448 1625 1600 1668 educa-

210 1707 315 1748 tioni
346 1706 429 1747 vim
460 1705 589 1762 magis
625 1704 859 1745 universam
897 1702 1062 1746 tribuat.
1127 1701 1229 1745 Nam
1265 1717 1357 1746 cum
1390 1702 1598 1747 educatio-

211 1798 305 1825 nem
354 1782 406 1824 ad
458 1782 839 1839 quinquagesimum
897 1796 1029 1839 usque
1060 1796 1211 1823 annum
1267 1781 1441 1839 produci
1482 1782 1598 1834 velit,

212 1862 499 1904 educationem
528 1875 614 1903 nou
647 1861 884 1918 angustiore
918 1859 993 1903 illo
1018 1874 1157 1912 sensu,
1189 1875 1270 1918 quo
1302 1875 1379 1903 nos
1412 1860 1597 1904 dicimus.

213 1940 386 1998 intelligi
429 1940 610 1981 voluisse
641 1938 820 1989 videtur,
851 1938 925 1980 sed
955 1940 1079 1980 vitam
1111 1940 1242 1996 ipsam
1267 1938 1416 1990 dicere,
1447 1941 1601 1998 quippe

162 2072 166 2077 η
214 2033 318 2076 quae
364 2020 480 2075 quasi
522 2032 566 2059 se
606 2019 695 2074 ipsa
741 2015 889 2058 educet
911 2014 995 2068 (4).
1068 2015 1267 2072 Educatio
1318 2017 1444 2076 igitur
1489 2016 1601 2076 apud

213 2097 429 2140 Platonem
469 2097 598 2154 magis
640 2101 704 2138 est
744 2092 935 2151 διαγωγή,
978 2095 1082 2137 ratio
1117 2094 1335 2152 quaedam,
1370 2109 1475 2153 quae
1515 2097 1598 2139 vim

214 2176 337 2216 animi
366 2175 618 2225 intuitionis,
650 2176 693 2217 ui
724 2176 780 2217 ita
813 2173 956 2225 dicam,
992 2175 1164 2225 excitet,
1190 2188 1294 2231 quae
1326 2175 1449 2217 animi
1480 2189 1601 2232 quam

212 2250 551 2311 perfectissimam
583 2253 835 2296 harmoniam
869 2258 910 2295 et
942 2251 1201 2295 concordiam
1233 2250 1396 2302 efficiat,
1430 2266 1600 2295 conver-

214 2333 288 2379 sio,
321 2346 440 2389 quam
470 2331 589 2383 dieit,
631 2334 758 2375 totius
789 2334 937 2375 mentis
970 2331 1022 2375 ad
1053 2331 1176 2375 finem
1218 2330 1375 2382 Unum,
1415 2329 1600 2389 philoso-

309 2495 364 2542 (l)
390 2498 441 2533 lb.
469 2498 526 2529 vn
545 2523 554 2539 ,
581 2496 686 2532 1-3.

308 2557 361 2600 (2)
390 2559 473 2601 Cap,
496 2557 606 2593 4-6.

312 2615 366 2659 (3)
391 2620 448 2650 Ar.
473 2619 544 2660 pol.
574 2618 603 2659 1,
629 2618 661 2659 l,
688 2619 723 2654 9.

314 2674 368 2719 (4)
405 2677 494 2712 mat,
530 2678 572 2708 118
607 2689 679 2719 rep.
716 2678 801 2718 vn„
837 2689 866 2719 p.
905 2677 977 2710 540
1002 2680 1029 2709 Α
1060 2682 1094 2708 el
1121 2676 1161 2710 B.
1188 2676 1249 2712 cll.
1278 2676 1333 2711 Al.
1372 2676 1485 2719 Kapp,
1521 2676 1598 2711 Ari-

216 2738 362 2771 stoteles
388 2736 692 2778 Statspadagogik,
719 2738 871 2769 νου-8118
898 2749 931 2779 p.
957 2737 1088 2770 xxiv,
1116 2747 1190 2778 sqq.
