1799 3104
308 359 506 402 Attamen
537 357 616 402 sibi
648 359 738 419 ipse
772 357 971 403 nonnulla
1010 358 1151 404 obiicit
1192 358 1240 418 (l,
1274 357 1316 412 2,
1351 357 1471 405 16-
1491 356 1578 417 19),

188 452 293 497 quae
323 437 490 495 quidem
531 440 588 481 ita
620 445 718 481 sunt
751 444 1009 496 comparata,
1049 446 1097 482 ut
1134 440 1234 480 certi
1266 438 1320 480 nil
1360 439 1457 481 inde
1491 437 1580 481 effi-

188 517 320 560 ciatur
361 522 403 560 et
440 523 489 560 ut
525 516 729 560 insemel
771 516 956 560 exhibita
1004 519 1173 560 notione
1220 518 1464 575 acquiescat.
1534 516 1581 560 Id

185 600 324 639 tamen
356 596 475 639 nobis
508 594 763 654 intelligitur,
795 594 1063 639 Aristotelem
1093 598 1229 654 ipsum
1262 597 1581 654 argumentatio-

187 689 281 718 nem
310 675 420 717 illam
454 674 505 718 de
545 676 766 725 servitute,
807 689 913 733 quae
945 680 1093 718 natura
1123 674 1333 718 nonnullis
1367 678 1478 717 esset
1508 673 1581 717 de-

187 756 351 805 stinata,
383 768 530 813 parum
549 752 822 796 sufficientem
840 755 1111 796 existimasse.
1146 754 1197 808 (l.
1228 752 1270 804 2,
1306 751 1362 796 16
1404 754 1582 795 maxime

187 833 238 875 iis
267 847 381 883 vero,
416 847 520 890 quae
543 832 573 882 Ι,
609 831 650 882 2,
685 829 756 874 20.
798 833 853 874 in.
884 832 1112 890 leguntur).
1150 830 1218 874 Nil
1250 830 1442 889 impedit,
1477 845 1581 888 quo-

188 912 324 953 minus
356 909 572 960 sateamur,
604 910 668 952 his
703 909 892 952 omnibus
924 910 1039 960 locis,
1074 911 1144 967 qui
1163 914 1261 952 sunt
1285 908 1336 951 de
1368 910 1581 959 servitute,

186 988 456 1031 Aristotelem
485 987 630 1031 eodem
663 987 786 1031 modo
820 1002 874 1040 :ae
902 987 1116 1030 Platonem
1160 1002 1353 1053 errasse.¹
1394 986 1585 1029 Postulat

190 1068 299 1111 enim
330 1067 412 1118 ille,
445 1072 495 1110 ut
525 1066 740 1110 hominum
772 1072 906 1110 sortes
939 1065 1168 1110 secundum
1205 1067 1354 1109 mentis
1384 1070 1425 1108 et
1451 1066 1582 1109 virtu-

190 1149 242 1189 tis
283 1145 523 1190 facultatem
576 1147 893 1189 constituantur.
968 1144 1223 1204 Quamquam
1264 1146 1355 1203 ipse
1396 1142 1586 1188 concedit

192 1225 239 1282 (l,
273 1224 316 1277 2,
348 1223 438 1282 19),
480 1224 526 1280 »ἡ
566 1226 608 1267 δὲ
640 1223 758 1280 φύσις
785 1222 969 1281 βούλεται
1008 1226 1079 1280 μὲν
1116 1228 1231 1267 τοῦτο
1271 1232 1397 1266 ποιεῖν
1435 1220 1584 1266 πολλά-

189 1320 259 1354 κις,
290 1301 338 1346 οὐ
374 1307 508 1359 μέντοι
540 1300 741 1347 &nivatam
813 1302 1042 1362 Utrumque
1080 1308 1239 1355 tamen,
1278 1303 1456 1346 maxime
1484 1316 1583 1345 vero

187 1382 456 1426 Aristotelem
499 1384 672 1441 primam
719 1384 931 1426 servitutis
979 1383 1178 1441 originem
1224 1397 1278 1424 ex
1326 1383 1414 1440 ipsa
1460 1383 1585 1424 animi

189 1459 433 1504 facultatum
466 1460 702 1505 conditione
734 1467 846 1505 recte
879 1462 1087 1513 statuisse,
1122 1476 1206 1504 non
1239 1460 1473 1519 negandum
1507 1465 1582 1504 est.

310 1539 585 1584 Exhibuimus
626 1542 765 1600 itaque
794 1555 878 1584 non
918 1539 1166 1583 levissimam
1207 1544 1365 1598 partem
1406 1538 1583 1582 familiae

191 1625 233 1663 et
270 1621 490 1663 universae
537 1621 713 1663 civitatis
757 1619 1044 1671 Aristoteliae‚
1091 1620 1294 1662 rationem
1342 1618 1432 1662 dico
1480 1633 1584 1677 quae

189 1700 353 1742 intersit
382 1701 492 1743 inter
521 1714 685 1743 servum
728 1704 769 1743 et
810 1699 1032 1741 dominum.
1108 1697 1249 1742 Servis
1280 1697 1582 1757 quodammodo

191 1783 463 1837 opponuntur
493 1778 566 1830 illi,
602 1780 671 1837 qui
701 1783 842 1837 partes
875 1779 1049 1821 civitatis
1070 1776 1417 1821 administrandae
1452 1779 1582 1821 susci-

187 1858 328 1916 piunt,
355 1858 486 1909 cives,
530 1873 583 1900 ex
618 1856 768 1916 quibus
800 1859 891 1916 ipsa
922 1858 1064 1900 civitas
1097 1857 1370 1915 componitur.
1436 1856 1583 1899 Cuius-

190 1935 303 1978 modi
344 1950 443 1993 ergo
474 1938 578 1987 sint,
622 1951 726 1992 quos
768 1935 1014 1978 Aristoteles
1056 1937 1164 1976 cives
1210 1936 1440 1985 vocaverit,
1489 1939 1583 1977 ante

192 2015 329 2057 omnia
360 2012 792 2072 nobis·quaerendum
825 2019 899 2056 est.
962 2011 1037 2056 Est
1066 2017 1202 2055 autem
1231 2012 1346 2056 locus
1378 2012 1468 2065 ille,
1502 2027 1583 2071 quo

192 2093 243 2136 de
278 2094 366 2136 cive
401 2094 497 2153 agit,
530 2094 639 2136 inter
671 2107 762 2145 eos,
800 2092 874 2136 ubi
904 2092 1006 2152 legis
1039 2097 1235 2136 externae
1270 2098 1311 2135 et
1340 2092 1444 2152 legis
1478 2092 1583 2135 ethi-

192 2188 262 2217 cae
295 2174 598 2233 separationem
630 2170 750 2225 facit,
782 2187 979 2231 quorsum
1012 2173 1133 2216 etiam
1169 2177 1329 2232 spectat
1359 2173 1582 2232 insequens

192 2251 437 2309 disputatio,
480 2267 579 2295 num
620 2251 719 2295 boni
760 2253 868 2294 cives
908 2251 1032 2294 iidem
1075 2253 1196 2295 etiam
1246 2253 1328 2294 sint
1368 2252 1446 2293 viri
1484 2250 1583 2293 boni

190 2346 361 2375 necesse
390 2333 456 2374 sit.
521 2329 623 2381 Quis
666 2332 765 2374 civis
798 2332 872 2383 sit,
911 2329 1029 2374 facile
1071 2336 1134 2374 est
1171 2329 1296 2374 dictu.
1358 2327 1463 2372 Nam
1492 2344 1583 2375 cum

192 2410 369 2455 civitatis
402 2414 551 2454 natura
582 2411 743 2454 actione
777 2425 851 2454 seu
882 2412 1054 2468 ἐνεργείᾳ
1084 2410 1262 2454 maxime
1295 2409 1582 2461 constituatur,

192 2492 301 2532 cives
327 2490 356 2531 ii
387 2495 485 2532 sunt
510 2491 580 2548 qui
624 2492 826 2533 actionem
857 2490 1066 2549 poli-ticam
1101 2490 1354 2547 suscipiunt,
1397 2490 1423 2532 i.
1458 2504 1492 2532 e.
1512 2491 1582 2547 qui

191 2567 488 2612 iurisdictionis
514 2573 555 2612 et
588 2569 764 2613 civitatis
794 2568 1002 2629 regendae
1034 2581 1205 2612 munere
1232 2565 1463 2629 funguntur
1498 2564 1578 2626 (1).

1379 2672 1389 2690 Χ

288 2737 345 2787 (l)
370 2738 435 2776 Ar.
460 2740 532 2786 pol.
560 2740 618 2779 ln,
646 2740 680 2783 1,
705 2738 741 2779 5,
