1799 3104
195 247 227 297 8

193 388 412 429 tentiarum
447 385 688 435 elationem,
733 400 866 442 neque
898 386 1028 429 ullum
1062 385 1237 429 arbitror
1265 386 1449 430 Platonis
1479 400 1585 444 opus

190 478 294 513 esse,
328 464 370 504 in
391 476 471 519 quo
498 464 632 520 possis
663 464 857 504 maiorem
885 465 1070 507 invenire
1093 463 1322 507 ubertatem
1356 469 1397 507 et
1427 465 1583 522 copiam

189 556 328 583 rerum
361 541 483 582 simili
512 542 805 597 perspicuitate
840 543 882 582 in
909 556 993 584 uno
1019 544 1135 599 quasi
1153 540 1316 584 cardine
1334 546 1581 599 congestam.

188 617 378 674 Denique
416 631 556 658 omnes
597 617 920 673 pulcritudines,
954 633 1222 677 quaecunque
1263 623 1439 677 possunt
1468 620 1582 660 inve-

188 697 278 745 niri,
314 697 355 736 in
386 695 464 736 illis
495 694 546 735 de
579 695 789 751 republica
818 695 933 737 libris
970 696 1190 753 dispersas,
1225 699 1366 739 miram
1395 695 1581 753 philoso-

187 771 342 828 phandi
382 773 553 813 rationis
602 772 914 822 sublimitatem,
967 772 1157 815 dictionis
1211 773 1507 815 iucunditatem
1543 777 1583 813 et

189 851 456 899 suavitatem,
505 850 757 908 singularum
801 852 980 907 partium
1013 865 1184 907 aequam
1218 852 1448 907 iustamque
1480 849 1582 891 divi-

189 929 366 974 sionem,
412 941 531 982 quam
571 929 788 967 maximam
832 927 1051 969 locutionis
1084 928 1342 977 varietatem,
1380 941 1463 968 non
1494 926 1584 983 pari

187 1003 324 1053 modo,
360 1002 433 1044 sed
458 1004 579 1059 plane
606 1004 802 1059 singulari
829 1004 1033 1046 exhibitas
1068 1020 1157 1046 esse
1183 1004 1380 1046 videmus.
1445 1002 1583 1051 Quid?

187 1086 248 1122 est
284 1085 363 1122 tam
412 1079 544 1137 larga,
596 1085 676 1121 tam
725 1081 855 1130 varia,
906 1086 986 1122 tam
1028 1080 1245 1139 multiplex
1279 1083 1394 1139 copia
1444 1094 1581 1123 rerum

184 1160 224 1199 in
289 1158 352 1199 his
410 1158 524 1199 libris
576 1158 723 1216 allata,
778 1164 825 1199 ut
895 1161 1021 1200 totius
1090 1159 1378 1216 philosophiae
1440 1158 1579 1200 Plato-

184 1237 269 1284 nis,
327 1250 471 1277 verum
524 1237 642 1277 etiam
694 1237 910 1276 universae
957 1237 1212 1292 antiquitatis
1252 1235 1455 1286 indolem,
1505 1251 1577 1277 na-

183 1318 316 1353 turam
352 1312 404 1352 ad
435 1314 547 1368 ipsos
586 1327 716 1368 usque
750 1311 886 1353 fontes
926 1312 1167 1353 exhaustam
1203 1312 1373 1353 credas?
1447 1311 1577 1353 Vides

180 1390 287 1430 enim
322 1387 586 1439 dialecticam,
623 1388 809 1438 ethicam,
844 1388 1172 1446 psychologiam,
1210 1388 1469 1446 theologiam,
1505 1388 1576 1431 de-

180 1468 304 1523 nique
335 1467 537 1523 permulta
557 1466 633 1507 alia
655 1473 894 1524 argumenta
915 1471 996 1507 tam
1022 1465 1074 1507 ad
1105 1467 1323 1508 universae
1356 1466 1573 1523 antiquita-

179 1544 229 1584 tis
262 1548 472 1593 naturam,
516 1558 637 1600 quam
680 1543 731 1584 ad
776 1557 935 1585 morum
967 1548 1008 1585 et
1037 1543 1245 1585 literarum
1284 1542 1572 1592 conditionem,

177 1620 307 1676 qualis
354 1626 442 1661 erat
473 1620 657 1661 Platonis
692 1625 850 1668 aetate,
895 1620 1179 1661 declarandam
1212 1620 1290 1662 hoc
1334 1634 1458 1677 opere
1498 1634 1571 1661 no-

175 1696 238 1738 bis
282 1696 431 1738 tradita
474 1712 576 1738 esse.
662 1696 808 1738 Omnia
850 1703 985 1738 tamen
1036 1711 1159 1738 unam
1204 1711 1401 1739 summam
1440 1696 1571 1738 ideam

178 1779 368 1830 spectant
393 1775 517 1829 inque
538 1788 584 1814 ea
619 1775 819 1822 nituntur,
851 1788 979 1814 unum
999 1774 1215 1815 eonsilium
1236 1778 1477 1829 sequuntur.
1510 1772 1570 1814 De

177 1865 257 1907 qua
305 1865 349 1891 re
397 1850 445 1891 ab
497 1851 779 1906 antiquissima
821 1852 898 1891 iam
940 1856 1074 1892 aetate
1116 1856 1228 1892 tanta
1276 1852 1569 1892 sententiarum

174 1927 375 1969 dissensio
420 1928 575 1968 animos
607 1929 841 1984 occupavit,
884 1932 947 1976 ut,
991 1927 1090 1983 quid
1114 1942 1256 1969 verum
1290 1928 1355 1976 sit,
1388 1941 1569 1983 unquam

176 2020 229 2045 ex
261 2005 336 2045 hac
376 2004 701 2060 disputationum
740 2003 858 2045 turba
904 2002 1187 2059 profecturum
1226 2017 1316 2045 esse
1346 2005 1417 2044 vix
1449 2018 1569 2060 spera

175 2082 294 2123 veris,
359 2079 462 2121 Nam
497 2086 542 2121 ut
574 2095 596 2121 a
630 2079 1007 2122 Schleiermachero
1046 2081 1310 2138 incipiamus,
1355 2078 1565 2122 Socratem

170 2160 429 2201 Platonicum
468 2157 689 2215 profitetur
741 2173 831 2200 esse
868 2160 983 2215 quasi
1023 2158 1164 2201 Ianum
1206 2158 1381 2215 aliquem
1421 2157 1564 2215 bicipi-

172 2241 267 2285 tem,
301 2238 369 2292 qui
404 2250 494 2277 cum
528 2237 569 2277 in
601 2237 701 2292 ipsis
735 2235 993 2278 sermonibus
1019 2235 1072 2277 de
1105 2237 1257 2278 virtute
1289 2240 1331 2276 et
1363 2234 1413 2276 de
1445 2235 1561 2276 iusti-

171 2315 226 2354 tia
259 2314 435 2354 maxime
455 2315 587 2370 egisse
604 2312 806 2363 videatur,
840 2313 904 2354 his
923 2318 1059 2355 tamen
1076 2313 1191 2355 libris
1211 2312 1492 2368 quaestionem
1511 2311 1561 2354 de

170 2392 325 2447 optima
342 2391 504 2430 civitate
523 2392 714 2446 agitatam
732 2391 851 2431 unice
877 2391 1122 2447 respexerit.
1159 2387 1271 2436 Quae
1297 2387 1497 2431 dissensio
1517 2394 1558 2431 et

168 2470 257 2525 ipsa
281 2481 419 2510 rerum
444 2468 561 2524 copia
593 2468 633 2508 in
666 2466 729 2508 his
762 2466 875 2509 libris
908 2470 1158 2525 pertractata
1194 2479 1315 2508 causa
1345 2471 1443 2518 erat,
1477 2481 1557 2523 qua

170 2551 395 2588 commotus
438 2546 498 2587 vir
540 2544 607 2586 ille
640 2546 829 2602 egregius
868 2541 1153 2600 iudicavit(1),
1179 2543 1255 2586 hos
1280 2543 1406 2588 libros
1438 2545 1555 2602 quasi

268 2661 323 2708 (1)
360 2667 496 2698 Platon.
541 2668 665 2708 lolitia
692 2669 732 2699 in
760 2668 930 2703 German.
964 2676 1124 2699 convers.
1153 2667 1251 2710 (opp
1287 2666 1554 2708 Plai.'1·‚111.,

165 2727 203 2761 P.
233 2723 278 2767 Ι)
306 2726 342 2756 in
372 2726 511 2767 1›raes‹.it
540 2737 573 2767 p.
601 2726 647 2758 66
675 2738 747 2768 sqq.
1322 2741 1324 2743 ·
