1799 3104
194 233 264 285 2ss

194 381 246 421 sit
277 392 409 436 eoque
441 392 507 420 res
541 381 623 421 sint.
658 378 903 438 depravatae
924 376 985 435 (l)
1051 377 1163 420 Deus
1197 391 1250 418 ex
1281 383 1418 421 mente
1452 378 1591 420 Plato-

193 459 257 500 nis
292 461 354 499 est
386 472 503 500 mens
534 472 699 510 creans,
742 460 811 515 qui
858 459 940 500 vim
972 472 1086 500 suam
1119 461 1327 499 aeternam
1357 463 1398 499 et
1428 456 1591 501 absolu-

194 542 275 578 tam
295 535 596 595 perfectionem
629 539 672 579 in
696 552 833 580 rerum
866 538 1136 579 universitate
1167 535 1414 578 manifestat.
1481 537 1592 578 Haec

193 630 293 658 vero
330 630 489 659 summa
513 617 600 657 eius
631 614 832 673 perfectio
863 620 925 658 est
949 615 1043 657 idea
1074 615 1185 666 boni,
1220 616 1308 673 ipsa
1332 613 1412 656 Dei
1432 619 1591 658 natura.

195 693 317 744 Quod
348 695 457 736 inter
489 693 623 737 Deum
664 699 705 736 et
747 675 881 736 ideam
919 693 1017 736 boni
1050 693 1268 737 discrimen
1302 695 1335 735 si
1376 699 1487 736 recte
1519 709 1592 735 ex-

192 774 471 832 posuerimus,
507 771 787 816 confitendum
806 772 969 832 quidem
997 778 1072 825 est,
1107 773 1321 816 Platonem
1340 788 1388 816 eo
1421 788 1592 825 errasse,

196 852 310 911 quod
351 858 488 895 actum
531 852 719 904 creandi,
763 855 891 911 ipsam
936 851 1014 895 Dei
1043 855 1252 908 ἐνέργειαν,
1287 854 1539 910 separaverit
1571 866 1594 893 a

194 931 333 974 divina
362 937 530 983 natura,
566 947 694 990 quae,
730 931 919 974 omnibus
950 931 1076 974 rebus
1107 937 1147 974 et
1177 931 1412 974 hominibus
1446 930 1593 974 divini-

191 1016 259 1053 tus
289 1012 450 1062 innata,
484 1010 564 1053 illis
601 1012 816 1053 veritatem
845 1010 1040 1069 praebet,
1071 1010 1184 1053 hisce
1218 1026 1420 1054 summum
1454 1012 1593 1069 cogni-

192 1091 318 1132 tionis
351 1088 509 1132 fontem
551 1091 704 1148 aperit-3
747 1092 803 1132 ita
846 1095 894 1132 ut
923 1088 1009 1132 fere
1044 1089 1288 1133 dualismum
1325 1091 1593 1148 proposuisse

192 1171 307 1211 visus
344 1170 398 1211 sit
425 1168 503 1227 (2).
577 1168 663 1211 Sed
701 1168 802 1210 haec
840 1168 1040 1210 hactenus
1084 1168 1135 1210 de
1176 1168 1268 1211 idea
1300 1169 1419 1221 boni,
1462 1169 1592 1227 qualis

194 1263 248 1290 ex
273 1263 318 1290 se
350 1250 441 1306 ipsa
466 1250 519 1290 sit
550 1247 829 1305 intelligenda.

316 1325 539 1377 Quaeritur
576 1328 670 1377 iam,
704 1325 804 1384 quid.
836 1325 929 1368 idea
961 1325 1060 1369 boni
1093 1325 1170 1369 sibi
1200 1325 1299 1368 velit
1334 1327 1377 1369 in
1411 1327 1588 1378 civitate,

192 1405 293 1463 quid
324 1405 378 1448 ad
411 1420 501 1448 eam
531 1405 689 1457 valeat3
717 1407 942 1462 quaeritur,
977 1419 1076 1447 num
1106 1404 1206 1462 quid
1246 1407 1333 1447 veri
1369 1405 1488 1448 Plato
1529 1405 1590 1448 di-

191 1486 326 1536 xerit,
384 1499 476 1528 cum
518 1483 653 1527 ideam
695 1484 793 1527 boni
844 1499 1042 1527 summam
1081 1486 1292 1527 notionem
1340 1485 1590 1543 reipublicae

189 1569 457 1623 proponeret.
529 1562 641 1605 Ante
659 1564 794 1604 omnia
824 1564 950 1621 igitur
967 1563 1086 1605 nobis
1113 1563 1337 1606 dicendum
1370 1570 1445 1614 est,
1480 1563 1592 1621 quod

192 1641 408 1686 consilium
440 1643 483 1685 in
517 1641 752 1684 exhibenda
784 1641 861 1683 hac
894 1642 1145 1699 reipublicae
1178 1644 1347 1685 notione
1375 1642 1494 1685 Plato
1525 1658 1590 1685 se-

193 1725 313 1764 cutus
361 1722 427 1762 sit.
507 1718 701 1762 Noluisse
752 1721 859 1762 enim
905 1719 1023 1762 Plato
1070 1719 1168 1762 mihi
1211 1720 1376 1778 quidem
1427 1720 1592 1764 videtur

191 1798 488 1858 rempublicam
520 1798 711 1850 condere,
745 1814 879 1857 neque
912 1799 955 1841 id
975 1805 1197 1858 spectasse,
1233 1805 1278 1842 ut
1304 1802 1451 1852 omnia,
1486 1816 1590 1858 quae

192 1880 272 1923 hoc
306 1893 432 1937 opere
465 1879 653 1921 instituta
678 1878 908 1930 exhiberet,
943 1893 1088 1921 revera
1128 1878 1437 1937 perficerentur.
1502 1879 1589 1922 Vo-

189 1960 269 2001 luit
297 1957 549 2015 reipublicae
581 1958 716 2000 ideam
749 1964 955 2009 statuere,
991 1974 1116 2015 quae,
1153 1974 1242 2000 cum
1275 1973 1433 2000 summa
1465 1974 1589 2015 quae-

193 2052 274 2095 que
316 2036 658 2094 amplecteretur,
704 2051 788 2078 non
827 2036 998 2094 singulis
1046 2036 1168 2078 modo
1216 2036 1474 2088 hominibus,
1516 2037 1590 2079 sed

192 2116 398 2159 universis
433 2114 751 2172 rebuspubliciS‚
788 2130 1059 2172 quaecunque
1091 2118 1133 2157 in
1165 2121 1379 2173 posterum
1413 2118 1590 2159 exsiste-

192 2201 306 2246 rent,
357 2209 555 2237 summam
600 2195 775 2237 civitatis
823 2196 1032 2238 notionem
1089 2201 1374 2253 expromeret3
1424 2198 1589 2237 omnino

292 2397 346 2440 (1)
373 2398 465 2433 Tim,
493 2408 568 2439 pag.
595 2397 643 2430 69
669 2398 704 2429 C.
734 2399 795 2431 cll.
822 2399 969 2435 Theaet.
998 2408 1075 2443 pag.
1108 2398 1175 2430 176
1206 2398 1247 2429 A.

291 2454 350 2505 (2)
378 2458 599 2490 Gravissima
625 2469 767 2501 quoque
789 2459 834 2491 ad
861 2460 1074 2492 sententiam
1090 2464 1244 2492 nostram
1271 2457 1486 2500 probandam
1500 2460 1589 2494 haec

191 2522 354 2554 Platonis
391 2525 476 2553 sunt
511 2520 632 2560 verba,
668 2531 758 2560 quae
793 2522 832 2552 in
857 2522 945 2563 reip.
976 2523 1001 2552 l
1030 2521 1108 2554 vlt.
1136 2530 1212 2560 pag.
1238 2518 1309 2552 517
1337 2521 1374 2553 C.
1409 2523 1589 2563 leguntur,

192 2581 258 2614 ubi
272 2582 351 2612 idea
377 2580 641 2617 bonidicitur,
642 2591 696 2618 εν
721 2591 754 2612 τε
781 2592 894 2623 αοητῳ
924 2572 1022 2621 αὐτὴ
1044 2571 1167 2623 κυρία
1194 2570 1387 2622 α’ληὲνειαν
1404 2577 1472 2615 καὶ
1487 2594 1589 2615 νουν

190 2634 515 2685 παρασχοιιὲνηιι,
553 2653 645 2683 quae
682 2642 787 2673 verba
822 2642 1116 2680 Trendelenburg
1151 2642 1212 2678 „de
1254 2642 1407 2674 Platonis
1443 2644 1586 2675 Philebi

193 2701 371 2734 consilio“
396 2710 473 2741 pag.
488 2700 536 2732 20
554 2703 733 2742 praeclare
761 2703 811 2732 sic
839 2702 1011 2741 explicat:
1041 2701 1145 2737 „honi
1172 2702 1251 2733 idea
1273 2704 1456 2734 veritatem
1472 2709 1505 2735 et
1532 2705 1586 2735 in-

192 2762 385 2796 tellectum
411 2771 483 2794 non
510 2761 652 2802 gignere
680 2767 714 2794 et
742 2772 872 2803 creare,
900 2761 960 2793 sed
989 2760 1111 2794 afferre
1138 2768 1168 2794 et
1196 2764 1365 2805 praebere
1391 2764 1553 2800 ‹licimr.“
