1799 3104
199 252 269 301 54

197 405 468 451 quaecunque
499 390 780 449 reprehendit,
819 395 932 433 recte
965 404 1055 434 sese
1094 389 1259 433 habent.
1323 392 1464 451 Itaque
1494 405 1591 435 con-

198 472 399 514 sentimus
438 469 605 528 quidem
647 470 695 514 G.
743 470 948 528 Pinzgero
1000 472 1058 513 sic
1100 469 1327 528 disputanti
1353 470 1444 528 (1)z
1525 470 1592 515 »ld

199 551 307 593 enim
327 548 440 609 quod
457 549 704 593 Aristoteles
738 550 816 592 iam
835 548 1032 608 neglexit,
1066 554 1114 592 ut
1144 548 1299 592 scilicet
1330 553 1425 593 ante
1457 552 1593 594 omnia

199 634 429 687 quaereret,
457 627 557 685 quid
586 628 704 670 Plato
731 630 773 669 in
804 628 954 670 Politia
987 630 1233 686 spectaverit
1273 634 1314 671 et
1342 643 1423 686 quo
1457 632 1593 673 consi-

198 707 252 749 lio
286 709 365 749 iam
392 721 514 763 quam
550 705 673 747 finxit
706 706 902 762 optimam
935 707 1138 749 civitatem
1172 706 1456 765 descripserit,
1490 706 1534 750 id
1565 709 1593 749 ii

197 800 362 844 quoque
406 786 476 842 qui
517 783 732 827 Platonem
774 783 998 827 defendere
1033 787 1167 827 conati
1196 790 1293 828 sunt
1320 784 1408 844 (2),
1443 788 1591 829 omise-

195 870 307 907 runt.
372 864 433 907 Ita
465 862 616 906 factum
652 854 727 914 est,
760 869 807 905 ut
838 863 889 906 de
924 863 1096 922 singulis
1130 863 1431 908 obiectionibus
1464 864 1593 908 multa

198 942 365 1001 quidem
398 956 483 984 non
515 942 620 983 male
654 944 696 983 in
728 947 945 999 utramque
972 948 1132 1001 partem
1163 942 1478 996 dissererentur,
1507 958 1593 987 non

195 1035 293 1064 vero
326 1021 459 1064 omnis
490 1019 825 1079 reprehendendi
845 1023 1005 1064 occasio
1035 1021 1280 1065 adversariis
1302 1021 1592 1082 praecludere-

194 1107 300 1145 tur.«
370 1099 425 1143 Iis
458 1114 556 1143 vero
589 1115 674 1143 non
709 1102 937 1151 assentior,
984 1102 1054 1158 qui
1087 1101 1362 1153 contendunt,
1406 1101 1450 1144 id
1482 1100 1590 1159 quod

196 1182 319 1225 etiam
347 1180 390 1223 in
422 1178 673 1239 Pinzgerum
707 1177 912 1237 cadit(3)‚
945 1178 1214 1223 Aristotelem
1245 1195 1330 1224 non
1368 1180 1490 1239 plane
1528 1181 1591 1224 in-

193 1261 407 1303 tellexisse
448 1274 495 1301 ea
537 1274 641 1316 quae
682 1259 800 1301 Plato
834 1258 1033 1309 voluerit,
1068 1274 1120 1301 ne
1163 1259 1309 1316 loquar
1340 1258 1391 1301 de
1424 1261 1487 1310 iis,
1522 1261 1590 1316 qui

195 1339 292 1382 odio
311 1342 350 1381 et
369 1336 523 1380 invidia
547 1336 769 1379 adductum
794 1352 886 1380 eum
904 1338 1164 1396 vituperasse
1190 1342 1231 1379 et
1248 1337 1467 1381 calliditate
1491 1351 1591 1395 qua-

196 1418 290 1460 dam
331 1416 517 1459 Platonis
562 1415 789 1458 doctrinam
821 1418 1073 1473 pervertisse
1107 1421 1344 1459 asseverant
1360 1415 1450 1473 (4),
1488 1430 1591 1474 quae

196 1496 402 1541 sententia
451 1499 514 1537 est
560 1494 786 1546 eiusmodi,
825 1500 873 1537 ut
913 1496 985 1537 vix
1028 1493 1320 1539 refutationem
1371 1494 1589 1547 desideret,

192 1577 401 1633 Persaepe
432 1575 540 1616 enim
590 1573 805 1616 Platonem
849 1575 891 1615 iu
939 1575 1101 1632 scriptis
1141 1575 1227 1616 suis
1266 1573 1408 1616 laudat
1449 1580 1490 1616 et
1535 1575 1591 1616 ita

192 1654 373 1714 quidem,
406 1658 454 1695 ut
487 1666 579 1695 cum
604 1667 652 1695 eo
672 1653 903 1695 consentiat
933 1651 1057 1710 idque
1089 1654 1131 1695 in
1149 1651 1274 1695 rebus
1305 1668 1389 1695 non
1420 1651 1589 1695 inferio-

194 1735 252 1776 ris
281 1732 492 1780 momenti,
527 1730 653 1772 veluti
680 1732 722 1772 in
748 1730 829 1772 eth.
894 1729 982 1772 Nic.
1016 1730 1057 1781 I,
1083 1729 1125 1781 4,
1160 1730 1201 1781 5,
1235 1730 1307 1773 ubi
1338 1731 1508 1788 respicit
1540 1730 1589 1771 li-

199 1812 317 1856 brum
349 1808 421 1851 VI.
455 1813 560 1851 extr.
597 1807 847 1866 reipublicae
871 1807 1069 1852 Platonis.
1134 1807 1356 1867 Vituperat
1405 1808 1589 1852 idearum

197 1890 437 1938 doctrinam,
475 1886 601 1928 veluti
617 1892 713 1928 met.
744 1885 849 1937 XII.,
886 1884 926 1929 6.
960 1888 1002 1929 in
1036 1889 1100 1938 iis,
1134 1887 1207 1930 ubi
1231 1887 1342 1938 dicit,
1376 1887 1589 1930 Platonem

192 1974 262 2013 τοῦ
305 1982 418 2017 esse,
461 1980 567 2023 quae
599 1967 653 2007 sit
691 1967 827 2015 notio,
876 1967 1077 2008 rationem
1117 1980 1201 2008 non
1242 1966 1459 2017 habuisse;
1493 1980 1588 2008 cave

193 2056 329 2092 tamen
364 2044 591 2092 existimeS,
625 2041 920 2092 Aristotelem,
957 2043 1114 2085 etiamsi
1146 2042 1353 2086 interdum
1387 2045 1440 2087 sit
1472 2058 1587 2086 seve-

191 2131 276 2171 rior
317 2126 467 2174 iudex,
510 2127 557 2162 ut
597 2119 698 2170 fuit,
739 2120 954 2163 Platonem
988 2135 1071 2163 non
1110 2121 1377 2165 intellexisse.
1451 2121 1588 2172 Quid?

295 2337 354 2384 (1(
380 2340 425 2376 ci.
454 2340 497 2376 G.
525 2338 677 2380 Pinzger
712 2340 750 2370 in
776 2340 870 2372 libro
904 2340 967 2381 „de
993 2341 1037 2372 iis
1064 2351 1155 2383 quae
1182 2340 1392 2374 Aristoteles
1429 2342 1468 2373 in
1505 2341 1585 2375 Pla-

193 2408 276 2433 tone
300 2398 596 2441 reprehen‹lerit‚“
621 2400 814 2440 prolegom.
842 2411 877 2441 p.
909 2400 1000 2433 vlll.

292 2458 347 2504 (2)
376 2459 422 2492 cf.
449 2458 633 2491 Schlosser
658 2460 697 2491 in
722 2459 816 2492 nolis
842 2459 887 2491 ad
924 2461 1125 2493 versionem
1150 2457 1214 2495 Ar.
1240 2460 1314 2502 pol.
1342 2470 1375 2502 p.
1402 2460 1584 2497 86-101.

289 2519 344 2566 (3)
371 2521 399 2553 1.
425 2519 451 2551 1.
476 2529 556 2562 pag.
584 2519 643 2555 79.

294 2579 352 2626 (4)
379 2581 580 2613 Fulleborn
615 2591 741 2614 comm.
769 2581 815 2613 ad
841 2583 1041 2615 versionem
1076 2581 1292 2614 Gau-vinnam
1318 2593 1350 2623 p.
1379 2582 1584 2616 191--193.

190 2641 462 2674 Moiitescuvius
489 2641 533 2673 ‹le
560 2638 704 2682 l'Esprit
731 2642 791 2673 des
817 2642 915 2684 Lois,
940 2642 968 2677 l.
995 2642 1069 2682 IV„
1095 2652 1125 2673 c.
1154 2640 1258 2681 vm„
1284 2641 1345 2678 cll.
1373 2642 1399 2677 1.
1428 2641 1584 2685 XXIX„

190 2713 222 2737 c,
250 2700 357 2734 xlx.
392 2698 548 2732 Aristone
584 2701 722 2733 voulait
756 2702 930 2734 satisfaire
967 2703 1079 2734 tantdt
1105 2712 1143 2733 sa
1163 2698 1323 2742 jalousie
1357 2707 1478 2736 contre
1503 2704 1583 2736 Pla·

190 2767 264 2795 tou.
292 2759 403 2792 laniat
428 2768 467 2789 sa
491 2759 631 2799 passion
657 2769 748 2800 pour
773 2758 1012 2796 Auxanum?
