1799 3104
208 233 277 282 38

208 377 331 427 tonis,
363 372 605 417 inferiorem
639 380 776 417 tamen
810 390 878 425 ea,
920 390 1001 433 qua
1031 376 1112 418 vim
1151 377 1299 434 accipit
1332 383 1373 421 et
1402 392 1505 437 quae
1537 377 1600 420 id-

207 458 314 497 circo
346 455 526 512 primum
554 454 689 495 locum
722 459 849 503 tenet,
883 452 977 496 idea
996 454 1105 496 boni.
1170 454 1331 497 Iustitia
1356 458 1462 499 enim
1490 470 1602 498 mera

210 539 274 576 est
292 535 573 590 οἰκειοπραγία,
603 533 734 574 virtus
751 530 998 590 politica(1).
1028 533 1075 576 In
1097 534 1146 576 iis
1168 538 1318 585 autem,
1351 548 1455 591 quae
1477 550 1602 594 supra

210 612 533 669 disputavimus,
593 609 844 665 εὐδαιμονίαν
891 610 1141 668 reipublicae
1186 613 1228 655 in
1268 626 1425 655 summa
1462 614 1600 672 cogni-

201 692 337 741 tione,
379 704 484 746 quae
523 688 676 731 insidet
717 688 1009 747 regnantibus,
1059 692 1237 748 positam
1277 681 1368 734 esse
1407 690 1599 734 vidimus.

200 768 274 811 Est
300 769 407 810 enim
441 767 535 810 idea
574 767 674 810 boni
705 767 768 819 id,
817 782 898 825 quo
945 767 1179 827 respublica
1220 769 1379 813 obtinet
1423 771 1505 812 vim
1536 771 1600 813 in-

199 846 475 890 tellectualem
510 851 551 889 et
581 846 790 897 moralem,
826 848 992 890 omnino
1024 846 1067 889 id
1098 862 1179 905 quo
1212 848 1375 892 arebus
1393 848 1597 899 humanis,

200 941 305 983 quae
337 925 414 967 sub
448 939 594 967 sensus
625 924 790 976 cadunt,
825 924 878 967 ad
908 924 1164 973 divinitatem
1195 926 1396 976 evehitur.
1461 925 1600 970 ideam

198 1004 298 1047 boni
331 1017 535 1046 summum
567 1002 818 1061 reipublicae
850 1002 1165 1047 fundamentum
1207 1004 1447 1049 substruere
1484 1010 1525 1047 et
1557 1006 1600 1046 in

200 1083 385 1141 singulis,
420 1087 620 1139 quantum
650 1081 741 1124 fieri
772 1088 936 1139 potest,
985 1082 1271 1134 manifestare,
1300 1084 1380 1126 hoc
1413 1087 1476 1125 est
1503 1082 1598 1141 phi-

198 1160 470 1219 losophorum
504 1162 717 1219 ipsiusque
749 1160 1058 1218 philosophiae,
1104 1176 1208 1218 quae
1238 1177 1395 1204 summa
1421 1161 1599 1204 homini-

198 1240 277 1282 bus
309 1239 419 1282 bona
436 1238 620 1297 praebet.
685 1238 751 1281 Ex
783 1240 1017 1297 cognitione
1059 1243 1197 1281 autem
1228 1239 1370 1297 prodit
1412 1254 1462 1282 ea
1494 1254 1599 1297 quae

198 1333 357 1361 summa
397 1319 529 1360 virtus
573 1322 636 1360 est
680 1317 805 1360 huius
847 1318 975 1368 vitae,
1030 1318 1200 1361 iustitia.
1277 1317 1460 1361 Tantum
1498 1332 1597 1361 vero

199 1397 327 1447 abest,
362 1402 410 1438 ut
440 1395 656 1439 Platonem
690 1394 883 1438 cedamus
912 1395 1017 1438 ideis
1045 1397 1217 1438 nimium
1246 1395 1469 1439 indulsisse
1487 1411 1597 1439 rem-

197 1473 487 1533 quepublicam
518 1475 639 1517 nimis
672 1473 846 1516 idealem
884 1475 1138 1526 instituisse,
1180 1474 1246 1517 vel
1282 1476 1404 1518 etiam
1449 1474 1500 1517 de
1531 1489 1597 1517 re·

195 1554 362 1611 publica
392 1568 537 1596 revera
569 1552 785 1595 condenda
819 1558 861 1595 et
890 1552 942 1595 de
976 1553 1176 1595 institutis
1208 1554 1273 1605 iis,
1307 1568 1412 1611 quae
1441 1568 1598 1611 propo-

199 1635 302 1684 suit,
346 1630 609 1691 perficiendis
655 1632 879 1689 cogitasse,
920 1636 990 1682 ut,
1025 1631 1138 1689 quod
1164 1633 1294 1690 magis
1327 1631 1547 1675 abhorreat
1573 1646 1598 1674 a

197 1716 337 1754 mente
384 1711 591 1761 Platonis,
650 1712 898 1768 interpretes
952 1711 1203 1753 comminisci
1252 1725 1337 1753 non
1391 1711 1594 1769 potuisse,

201 1789 515 1833 contendamus.
597 1788 755 1832 Verum
799 1788 850 1832 de
892 1788 1104 1848 republica
1148 1789 1335 1832 Platonis
1380 1789 1593 1832 haetenus.

195 1867 302 1911 Nam
331 1869 423 1920 alia,
457 1883 562 1927 quae
595 1867 647 1910 de
677 1867 915 1918 virtutibus,
951 1867 1003 1910 de
1020 1869 1144 1911 animi
1175 1867 1363 1926 partibus
1398 1866 1451 1910 ad
1473 1865 1594 1922 φύσιν

194 1946 438 1998 referendis,
472 1946 524 1989 de
558 1946 823 1996 educatione,
867 1946 919 1988 de
958 1943 1122 2001 μιμήσει
1162 1951 1204 1988 et
1242 1947 1420 1988 maxime
1450 1945 1502 1987 de
1532 1947 1595 1988 in-

198 2023 484 2068 stitutionibus
519 2024 695 2067 civitatis
726 2022 847 2067 nobis
878 2021 1053 2067 dicenda
1080 2022 1210 2067 fuisse
1239 2022 1470 2076 videantur,
1500 2038 1595 2082 par-

195 2105 268 2146 tim
308 2117 386 2161 per
422 2104 543 2145 nimis
572 2102 725 2160 largam
762 2102 997 2151 materiem,
1054 2116 1174 2158 quam
1225 2107 1476 2160 pertractare
1516 2118 1594 2146 nos

196 2183 470 2240 oportuisset,
515 2195 726 2240 exponere
760 2195 844 2224 non
880 2180 1015 2232 licuit,
1055 2182 1227 2239 partim,
1269 2186 1468 2239 quantum
1503 2180 1595 2225 fieri

195 2266 348 2317 potest,
391 2260 686 2318 rempublicam
728 2258 982 2302 Platonicam
1016 2273 1108 2301 cum
1143 2259 1387 2303 Aristotelia
1427 2264 1596 2302 conten-

199 2338 345 2382 dentes
378 2338 630 2384 adiiciemus.

295 2452 353 2500 (1)
380 2456 424 2488 de
450 2467 523 2498 rep.
548 2455 606 2498 IV,
630 2466 669 2499 p.
694 2453 766 2489 441
793 2455 841 2489 D.
870 2460 904 2488 e!
930 2455 975 2492 Ε.
1002 2453 1075 2488 443
1101 2456 1141 2493 Β,
