1799 3104
1506 297 1577 348 53

189 435 329 493 quales
364 441 501 479 essent
529 452 605 495 per
636 451 680 480 se
702 441 920 494 spectatae,
956 438 999 479 in
1030 436 1207 494 politicis
1239 438 1422 497 singulos
1442 438 1577 482 homi-

188 528 262 555 nes
299 515 494 557 societate
525 515 694 573 politica
726 516 966 558 coniunctos
999 513 1233 556 considerat
1262 529 1484 575 eorumque
1515 520 1576 560 vi-

188 591 312 635 vendi
344 593 574 651 agendique
604 594 805 635 rationem
840 599 1010 651 spectat.
1076 592 1331 651 Quamquam
1362 597 1577 652 utriusque

189 672 325 730 operis
366 673 594 714 sententiae
634 686 682 713 eo
716 673 941 715 arctissime
983 671 1224 724 cohaerent,
1265 672 1377 730 quod
1421 688 1580 716 summa

188 752 318 792 virtus
361 750 628 806 singulaeque
668 752 839 792 virtutes
872 756 912 792 et
952 766 1056 808 quae
1094 751 1190 792 inde
1230 754 1412 795 nascitur
1448 756 1579 795 ἐυδαι-

187 830 322 882 μονία,
362 828 441 869 nisi
483 827 532 869 ab
564 827 749 879 homine,
793 829 862 885 qui
903 843 999 886 pars
1041 834 1103 870 est
1134 830 1339 871 societatis
1371 830 1577 887 politicae,

188 904 329 963 perfici
369 908 533 963 nequit3
574 905 723 949 deinde
760 906 872 963 quod
914 922 1095 949 summus
1127 906 1219 949 finis
1251 907 1419 964 politico
1453 910 1495 950 in
1528 924 1578 951 eo

189 985 350 1041 positus
386 989 469 1034 est,
510 990 557 1026 ut
588 986 781 1027 virtutem
814 1000 859 1026 ac
891 983 1125 1027 felicitatem
1159 987 1332 1028 civitatis
1367 995 1407 1028 et
1435 988 1577 1045 singu-

189 1062 321 1106 lorum
349 1063 561 1104 hominum
596 1069 637 1104 et
662 1065 775 1104 iuvet
805 1069 844 1104 et
881 1070 1027 1105 servet.
1090 1063 1219 1106 Recte
1250 1064 1414 1121 quidem
1448 1067 1580 1108 sensit

193 1142 463 1194 Aristoteles,
504 1156 664 1184 morum
700 1143 902 1200 principia
936 1148 977 1185 et
1016 1142 1127 1201 leges
1154 1144 1347 1194 civitatis,
1389 1159 1493 1201 quae
1526 1144 1580 1187 ad

192 1226 403 1263 externam
447 1220 723 1263 conditionem
761 1226 966 1278 spectant,
1008 1222 1051 1262 in
1089 1220 1226 1263 Unum
1269 1223 1461 1280 coniungi
1493 1237 1579 1264 non

189 1314 326 1356 posse.
391 1298 526 1348 Quare
556 1301 598 1341 in
630 1299 808 1356 politicis
840 1299 1013 1341 mediam
1048 1298 1251 1355 quandam
1282 1301 1483 1342 rationem
1515 1302 1578 1342 in-

190 1379 329 1419 venire
372 1377 533 1427 studet,
576 1391 657 1433 qua
693 1377 864 1418 alterum
903 1376 1019 1419 alteri
1059 1381 1357 1421 annecteretur.
1422 1377 1579 1421 Statuit

190 1457 337 1513 igitur,
370 1457 432 1498 uti
469 1455 587 1498 Plato
619 1454 824 1498 Unitatem
857 1455 1057 1513 quandam
1076 1488 1085 1505 ,
1119 1470 1253 1512 neque
1285 1470 1382 1498 vero
1411 1455 1577 1499 absolu-

190 1538 295 1584 tam,
329 1532 403 1575 sed
442 1533 644 1575 humanae
680 1535 807 1574 menti
845 1548 890 1574 ac
930 1534 1079 1574 rationi
1117 1532 1432 1575 accomodatam.
1504 1533 1576 1576 Bis

191 1613 297 1653 enim
327 1610 449 1662 illud,
492 1609 603 1668 quod
634 1608 678 1652 τὸ
708 1613 827 1665 μέσον
859 1609 957 1653 dicit
978 1608 1054 1667 (1),
1088 1612 1272 1652 invenire
1302 1610 1380 1653 sibi
1419 1626 1575 1670 propo-

190 1692 285 1741 suit,
319 1689 491 1731 alterum
523 1688 635 1746 quod
657 1690 699 1730 in
722 1703 881 1731 morum
899 1690 1125 1746 principiiS,
1160 1688 1331 1731 alterum
1357 1689 1470 1746 quod
1503 1704 1577 1733 ex-

190 1773 316 1811 staret
346 1770 388 1810 in
417 1767 608 1824 politicis.

309 1846 367 1889 At
391 1845 489 1903 quid
522 1844 599 1887 sibi
633 1844 732 1886 velit
760 1842 928 1899 μεσότης
960 1844 1041 1895 illa,
1068 1843 1119 1885 de
1154 1859 1235 1901 qua
1266 1844 1384 1896 dicit,
1428 1843 1579 1887 deinde

191 1925 339 1983 quibus
369 1923 493 1967 rebus
512 1924 782 1973 consentiant,
817 1922 965 1979 quibus
991 1921 1182 1964 differant
1205 1921 1323 1964 Plato
1349 1927 1390 1963 et
1413 1922 1578 1965 Aristo-

190 2004 315 2054 teles,
359 2002 402 2044 id
433 2003 495 2044 uti
525 2017 579 2044 ex
610 2003 698 2058 ipsa
729 2002 909 2051 ratione,
953 2015 1033 2057 qua
1066 2001 1239 2042 civitatis
1272 1999 1473 2043 elementa
1505 2000 1578 2043 de-

191 2082 351 2133 scribit,
378 2082 436 2124 sic
467 2081 643 2123 maxime
677 2094 730 2122 ex
762 2081 811 2122 iis
845 2080 1047 2129 cernitur,
1082 2093 1185 2135 quae
1217 2077 1268 2120 de
1292 2079 1455 2120 civitate
1482 2078 1578 2121 Pla-

190 2163 299 2203 tonis
342 2160 519 2202 disserit.
588 2159 680 2216 Age
729 2160 853 2216 igitur
892 2172 1153 2214 quaeramus,
1205 2156 1435 2198 cuiusmodi
1481 2159 1577 2209 sint,

192 2253 296 2297 quae
343 2237 588 2281 Aristoteles
642 2238 685 2277 in
738 2235 948 2294 republica
1002 2235 1186 2276 Platonis
1249 2234 1578 2292 reprehenderit.

190 2317 298 2359 Num
328 2316 517 2366 habebat,
549 2330 620 2357 cur
650 2316 693 2356 in
725 2329 817 2356 eum
845 2312 1138 2354 inveheretur?
1171 2311 1217 2354 Si
1248 2312 1434 2355 Platonis
1460 2314 1579 2356 insti-

191 2401 281 2439 tuta
313 2410 366 2437 ex
396 2399 533 2437 mente
564 2393 749 2436 Platonis
780 2388 1097 2449 reprehendere,
1131 2390 1414 2434 institutiones
1446 2391 1496 2435 ab
1531 2406 1580 2434 eo

191 2475 427 2532 propositas
456 2488 540 2515 non
572 2471 623 2513 ad
654 2476 808 2513 certum
841 2467 1044 2525 quendam
1075 2467 1198 2509 finem
1232 2482 1323 2510 esse
1354 2469 1580 2526 perductos

192 2551 411 2595 ostendere
440 2550 617 2602 volebat,
651 2556 738 2593 tum
767 2562 848 2590 non
878 2552 1003 2598 recte,
1037 2548 1159 2589 immo
1191 2548 1342 2590 iniuste
1376 2549 1469 2604 egit.
1531 2544 1580 2590 Si

191 2646 290 2674 vero
323 2645 438 2673 suam
471 2631 601 2688 ipsius
634 2629 832 2671 rationem
872 2626 1049 2667 maxime
1081 2624 1313 2682 spectabat,
1349 2629 1438 2667 tum
1468 2630 1580 2668 certe

291 2799 347 2846 (1)
377 2801 468 2836 Plai.
498 2802 638 2838 Politic,
665 2812 700 2843 p.
727 2797 811 2834 284.
