1799 3104
1506 291 1573 343 81

192 439 386 497 optimam
410 438 582 481 civitatis
613 436 785 481 formam
818 442 911 481 ante
944 436 1084 480 oculos
1116 436 1330 487 habuisse,
1375 438 1412 478 ei
1445 435 1577 478 simile

195 515 306 572 quod
344 531 420 558 nos
460 516 585 558 hodie
633 515 804 556 dicimus
861 517 950 556 »ein
1000 513 1367 555 constitutionelles
1418 514 1577 572 Kb‘nig-

191 593 343 637 thum«
414 592 557 638 Simile
600 592 700 650 quid
749 592 1016 636 Aristotelem
1063 591 1243 634 voluisse
1284 593 1404 633 etiam
1447 606 1500 633 ex
1527 594 1577 633 iis

186 676 313 730 patet,
348 686 453 731 quae
485 670 536 714 de
569 672 738 714 notione
771 672 869 714 civis
903 670 1110 714 disseruit.

310 751 406 792 Alio
447 750 537 792 loco
589 751 884 793 aristocratiam
927 752 1072 792 ceteris
1121 748 1263 791 formis
1313 763 1407 790 eum
1454 763 1576 806 prae-

188 827 296 871 ferre
332 827 516 871 videmus
534 826 618 886 (1),
661 844 740 886 qua
775 831 930 871 incerta
960 827 1156 885 loquendi
1188 829 1348 869 ratione
1366 828 1431 870 his
1460 828 1575 871 libris

187 907 355 965 propria
387 921 483 949 cave
507 906 559 949 ad
590 922 750 950 errores
792 907 1019 965 abripiaris.
1083 906 1356 949 Aristocratia
1398 908 1576 964 optimo-

186 999 277 1028 rum
307 986 525 1043 imperium
558 984 719 1036 dicitur,
754 987 811 1027 ita
834 990 880 1027 ut
912 987 1092 1027 omnium
1124 986 1296 1027 virtutes
1328 984 1433 1027 bene
1466 986 1576 1027 inter

188 1076 232 1104 se
265 1064 536 1114 consentiant,
562 1077 698 1121 neque
720 1077 829 1105 unus
862 1064 1075 1120 quisquam
1093 1064 1239 1105 ceteris
1270 1062 1485 1105 antecellat
1498 1061 1575 1121 (2).

187 1141 429 1184 Postulatur
469 1143 594 1200 igitur
632 1143 675 1183 in
715 1143 877 1184 civitate
909 1143 1198 1192 aristocratica,
1238 1147 1284 1183 ut
1324 1144 1577 1199 praestantia

188 1219 386 1278 quaedam
417 1221 594 1271 virtutis,
629 1235 706 1278 qua
732 1218 908 1262 efficitur
939 1224 985 1262 ut
1016 1225 1151 1262 cetera
1181 1219 1325 1279 populi
1354 1220 1575 1264 multitudo

187 1298 349 1341 illorum
379 1300 550 1357 imperio
582 1297 700 1341 facile
739 1298 925 1350 obediat,
969 1301 1026 1341 ita
1050 1300 1214 1341 virtutis
1255 1299 1453 1356 quaedam
1487 1315 1574 1342 mo-

188 1376 358 1428 deratio,
393 1392 472 1434 qua
503 1377 662 1420 nobiles
696 1377 773 1420 sibi
812 1379 891 1435 ipsi
931 1392 1051 1435 pares
1091 1376 1202 1419 fiant.
1268 1376 1427 1426 Quibus
1470 1378 1573 1420 dua-

186 1454 263 1497 bus
293 1455 418 1497 rebus
465 1457 741 1497 aristocratiae
781 1457 1035 1497 conservatio
1074 1457 1222 1497 nititur
1243 1453 1320 1512 (3).
1391 1456 1439 1497 Ei
1474 1471 1573 1498 vero

188 1538 400 1576 externam
435 1533 630 1577 accedere
664 1539 827 1592 oportet
865 1540 1110 1593 potestatem
1153 1540 1193 1576 et
1232 1534 1434 1577 bonorum
1474 1551 1573 1593 pos-

189 1613 414 1654 sessionem
433 1610 508 1669 (ll).
557 1611 702 1661 >Quae
741 1612 813 1654 ubi
863 1612 1136 1670 philosophus
1180 1613 1385 1671 postulat,
1434 1628 1573 1656 veram

191 1690 360 1734 exhibet
391 1692 669 1733 aristocratiae
710 1692 920 1732 notionem
962 1705 1015 1732 ex
1052 1692 1142 1747 ipsa
1178 1690 1351 1733 historia
1384 1698 1571 1735 sumtam.

189 1768 291 1812 Nam
323 1771 358 1812 si
398 1772 488 1828 quis
530 1770 728 1814 nobilium
770 1771 911 1828 generi
950 1768 1127 1811 adscribi
1165 1768 1347 1821 volebat,
1398 1772 1574 1829 primum

188 1851 350 1906 generis
383 1849 609 1901 nobilitate,
645 1848 794 1891 deinde
827 1850 913 1906 agri
944 1850 1231 1905 possessione,
1264 1863 1385 1905 quam
1410 1850 1575 1892 heredi-

188 1932 272 1969 tate
303 1929 519 1986 acceperit,
553 1927 730 1985 denique
771 1927 899 1969 servis
932 1940 1037 1985 opus
1079 1932 1177 1969 erat.
1242 1925 1395 1969 Gentes
1427 1930 1574 1970 aristo-

191 2008 382 2058 craticae,
421 2020 526 2064 quae
557 2005 785 2064 permultae
828 2007 871 2047 in
903 2004 1072 2048 Graecia
1112 2003 1333 2055 florebant,
1376 2004 1574 2048 Bacchia-

192 2083 289 2137 dae,
329 2084 669 2136 Alcmaeonidae,
712 2083 917 2128 Basilidae
956 2083 1045 2141 (Ar.
1090 2085 1173 2142 pol.
1215 2083 1264 2135 V,
1300 2084 1350 2135 5,
1393 2083 1439 2142 4)
1474 2088 1572 2128 satis

189 2169 311 2206 notae
335 2169 443 2207 sunt.
506 2163 772 2206 Monarchiae
810 2172 851 2206 et
881 2162 1176 2206 Aristocratiae
1218 2164 1393 2205 maxima
1425 2165 1572 2222 priscis

188 2243 442 2302 temporibus
475 2248 561 2285 erat
592 2248 788 2302 potestas.
854 2243 1046 2286 Contenti
1080 2243 1185 2284 enim
1217 2247 1344 2293 erant,
1379 2257 1469 2284 cum
1498 2246 1574 2287 iin-

189 2328 381 2380 perantes
416 2323 501 2364 suis
544 2322 759 2365 desideriis
791 2320 1052 2379 indulgerent
1092 2326 1133 2362 et
1173 2320 1373 2362 bonorum
1405 2337 1573 2380 posses-

193 2402 350 2445 sionem
395 2407 613 2445 tuerentur
639 2401 714 2461 (5).
795 2400 944 2444 Postea
993 2415 1112 2451 vero,
1162 2398 1232 2442 ubi
1280 2414 1416 2458 neque
1465 2417 1574 2446 unus

289 2564 346 2613 (1)
375 2568 442 2610 ΙΙΙ,
473 2567 528 2609 10,
555 2567 590 2600 ¹7.

288 2626 346 2673 (2)
372 2629 417 2669 cf,
444 2628 503 2669 lv,
528 2627 564 2669 5,
592 2627 648 2659 10.

285 2688 342 2733 (3)
368 2689 424 2722 Ar.
451 2688 525 2731 pol.
551 2688 589 2729 V,
615 2685 649 2728 6,
674 2684 709 2718 3.

289 2748 343 2793 (4)
371 2749 423 2782 n».
449 2749 490 2784 v.
520 2748 552 2790 1,
576 2746 611 2779 3.

287 2807 342 2854 (⁵)
368 2808 420 2843 ib.
446 2808 505 2842 VI.
531 2806 566 2851 2,
593 2806 627 2845 1.
654 2804 689 2840 2.
