1799 3104
1498 300 1567 351 87

187 447 302 501 cepta
332 439 544 483 nobiscum
579 439 1003 490 communicaverunt3
1037 453 1171 497 neque
1200 455 1297 483 vero
1327 440 1567 492 doctrinam,

185 534 288 578 quae
323 519 493 569 dicitur,
536 532 672 560 rerum
716 517 975 574 politicarum
1023 533 1096 559 seu
1130 521 1352 561 sententias
1382 521 1569 577 politicas

184 613 238 641 ex
274 596 562 656 philosophiae
601 596 804 654 principio
847 594 1044 638 deductas
1075 601 1196 655 atque
1239 597 1280 638 in
1322 597 1465 655 populi
1506 599 1570 656 ip-

183 679 267 719 sius
291 676 429 718 indole
460 676 617 732 positas
648 674 765 720 nobis
800 676 1072 718 tradiderunt.
1154 675 1243 725 Qua
1282 676 1332 718 de
1376 691 1497 717 causa
1530 678 1572 716 in

181 754 394 798 Platonem
427 755 604 811 primum
637 756 910 806 occurrimus,
938 756 1007 813 qui
1039 755 1173 797 locum
1206 754 1318 797 haud
1358 756 1569 797 minimum

182 837 223 876 in
254 834 331 875 hac
366 832 549 874 doctrina
585 834 811 876 excolenda
840 834 1045 884 habuerit,
1078 836 1140 875 uti
1173 836 1294 875 etiam
1327 834 1446 876 simul
1480 848 1571 875 cum

182 911 351 956 Socrate
381 910 722 970 philosophorum
753 913 910 970 primus
945 913 1125 964 exstitit,
1162 913 1232 969 qui
1264 911 1445 970 singulas
1477 926 1571 954 sen-

179 992 350 1042 tentias,
385 992 427 1032 in
465 990 613 1048 quibus
656 1006 798 1033 omnes
837 997 931 1033 ante
972 1006 1064 1032 eum
1105 991 1342 1049 philosophi
1383 993 1571 1048 occupati

181 1068 356 1120 fuerant,
390 1071 498 1112 inter
530 1084 574 1112 se
605 1071 808 1128 iungeret,
844 1075 883 1112 et
914 1069 1139 1112 doctrinam
1172 1069 1497 1128 philosophicam
1528 1072 1568 1112 in

178 1154 317 1205 partes
352 1163 447 1190 suas
490 1148 661 1190 divisam
695 1151 976 1191 constitueret.
1050 1149 1142 1205 Ipsa
1175 1163 1272 1190 vero
1305 1148 1477 1190 historia
1524 1154 1571 1190 ut

178 1241 314 1269 rerum
346 1226 625 1284 publicarum,
658 1228 712 1268 ita
744 1226 1030 1285 philosophiae
1063 1228 1280 1269 universae
1312 1226 1497 1269 Platonis
1531 1232 1572 1268 et

177 1304 414 1347 Aristotelis
444 1306 643 1363 principia
683 1317 723 1346 et
752 1307 969 1362 utriusque
1002 1307 1078 1346 viri
1115 1305 1165 1347 de
1197 1305 1375 1363 politicis
1407 1306 1568 1363 placita,

178 1398 282 1441 quae
313 1398 522 1441 exponere
555 1382 807 1434 studuimus,
852 1385 948 1426 satis
989 1383 1217 1435 declarant,
1267 1390 1488 1441 utrumque
1527 1385 1569 1425 in

177 1462 289 1505 hisce
329 1462 453 1505 rebus
488 1464 718 1505 consentire
759 1462 970 1514 debuisse,
1012 1465 1189 1521 primum
1222 1468 1410 1505 naturam
1435 1462 1568 1505 homi-

178 1557 275 1585 num
299 1557 373 1601 pro
407 1543 546 1584 innata
588 1544 636 1584 iis
669 1541 942 1585 imbecillitate
987 1547 1108 1600 atque
1147 1544 1295 1585 virium
1334 1541 1569 1585 infirmitate

178 1620 229 1663 ad
260 1623 386 1663 vitam
419 1620 727 1663 sustentandam
767 1627 807 1663 et
831 1621 883 1663 ad
913 1636 1000 1664 eam
1035 1636 1137 1679 quae
1174 1620 1268 1663 inde
1311 1619 1444 1663 effluit
1475 1619 1566 1662 feli-

178 1700 339 1742 citatem
374 1705 585 1742 externam
620 1704 741 1757 atque
774 1701 973 1742 internam
1012 1699 1321 1757 comparandam
1372 1701 1567 1741 societate

177 1776 350 1834 quadam
392 1792 466 1820 seu
499 1779 662 1821 civitate
693 1792 813 1836 egere
838 1777 1015 1836 ideoque
1048 1777 1256 1820 homiuem
1289 1792 1364 1836 per
1397 1792 1441 1820 se
1475 1792 1567 1835 spe-

177 1860 328 1898 ctatum
358 1856 460 1897 nihil
494 1871 584 1898 esse
616 1858 694 1898 nisi
722 1862 881 1913 partem
914 1858 1102 1899 civitatis.
1169 1855 1329 1898 Deinde
1362 1870 1458 1898 vero
1479 1870 1567 1898 cum

177 1948 334 1977 summa
367 1934 578 1977 hominum
611 1934 824 1977 beatitudo
875 1937 917 1977 in
948 1951 995 1977 ea
1037 1950 1141 1992 quae
1173 1934 1408 1977 hominibus
1447 1935 1571 1976 insita

177 2018 240 2056 est
263 2015 416 2056 virtute
449 2019 572 2072 atque
604 2013 682 2056 Dei
721 2013 1008 2066 similitudine,
1050 2019 1243 2072 quantum
1282 2012 1371 2055 fieri
1415 2018 1568 2071 potest,

177 2093 411 2136 exhibenda
441 2099 563 2151 atque
594 2093 776 2155 paranda
794 2095 929 2152 posita
959 2095 1025 2144 sit,
1059 2094 1334 2151 consequitur,
1361 2092 1568 2150 politicam

177 2178 217 2215 et
251 2173 423 2216 ethicam
466 2174 659 2215 virtutem
700 2175 880 2232 separari
924 2174 1090 2216 omnino
1123 2188 1205 2215 non
1236 2186 1372 2230 posse.
1436 2170 1567 2213 Porro

176 2257 325 2303 autem,
359 2251 401 2293 id
434 2250 545 2309 quod
572 2250 689 2293 facile
727 2266 780 2293 ex
811 2251 1153 2310 praecedentibus
1186 2250 1439 2307 intelligitur,
1475 2264 1567 2291 cum

174 2335 320 2373 natura
359 2328 547 2372 omnibus
601 2329 836 2372 hominibus
890 2336 1045 2373 certum
1087 2328 1290 2387 quendam
1342 2329 1567 2386 sapientiae

174 2408 342 2452 modum
364 2408 613 2468 praebuerit,
646 2424 726 2466 qua
756 2410 951 2451 virtutem
985 2409 1061 2452 sibi
1093 2410 1301 2467 propriam
1334 2412 1483 2464 parent
1507 2412 1566 2448 at-

175 2502 254 2545 que
285 2490 327 2531 in
358 2489 442 2531 vita
474 2487 629 2547 agenda
662 2487 864 2538 excolant,
900 2493 941 2530 et
974 2503 1065 2530 cum
1099 2490 1154 2529 ita
1186 2486 1406 2529 discrimen
1439 2487 1565 2527 inter-

175 2566 292 2610 cedat
325 2569 432 2610 inter
465 2567 718 2626 singulorum
748 2566 959 2608 hominum
1007 2569 1220 2616 virtutem,
1269 2581 1345 2623 pro
1395 2580 1442 2606 ea
1487 2579 1567 2622 qua

176 2647 356 2689 eminent
384 2648 634 2705 praestantia
666 2651 735 2689 aut
764 2644 978 2688 inferiores
1021 2650 1092 2687 aut
1123 2645 1358 2703 superiores
1393 2645 1568 2688 civitatis

176 2723 523 2768 administrandae
556 2731 694 2784 partes
713 2726 938 2783 suscipiant
954 2738 1123 2767 necesse
1156 2729 1230 2766 est.
1295 2723 1396 2766 Inde
1414 2723 1472 2775 fit,
1508 2730 1565 2773 ut,

174 2814 266 2846 cum
296 2804 412 2847 aliia
451 2812 598 2849 natura
634 2810 769 2848 mente
809 2805 1003 2848 creatrice
1059 2802 1236 2863 praediti
1282 2801 1333 2846 ad
1362 2803 1565 2861 imperan—
