1799 3104
209 222 281 277 64

208 364 279 416 τὰς
308 367 443 422 κυρίας
465 364 599 422 ἀρχάς,
631 370 785 423 πρῶτον
825 371 896 422 μὲν
937 369 1073 422 φιλίαν
1102 366 1200 423 πρὸς
1236 368 1307 422 τὴν
1337 372 1603 413 καθεστῶσαν

207 446 432 496 πολιτείαν,
474 445 611 488 ἔπειτα
650 444 815 501 δύναμιν
841 448 1027 502 μεγίστην
1065 450 1142 490 τῶν
1188 446 1309 502 ἔργων
1357 452 1427 503 τῆς
1472 447 1602 505 ἀρχῆς,

207 525 337 580 τρίτον
369 521 403 567 δ’
427 522 572 581 ἀρετὴν
601 526 667 567 καὶ
698 521 947 580 δικαιοσύνην
968 523 1067 582 (1).«
1139 523 1253 573 Quae
1291 540 1389 567 vero
1422 542 1602 585 sequun-

207 609 290 654 tur,
323 619 408 646 non
434 605 648 661 quadrant.
713 603 844 646 Addit
874 606 979 645 enim
1012 603 1246 662 explicandi
1275 605 1407 663 gratia
1448 609 1487 647 ἐν
1519 603 1603 648 ἑκά-

209 697 275 737 ςτῃ
314 685 493 737 πολιτείᾳ
531 682 601 738 τὴν
643 682 747 739 (scil.
791 681 932 738 ἀρετὴν
980 684 1046 724 καὶ
1094 680 1352 739 ὃικαιοςύνην)
1396 681 1497 739 πρὸς
1535 684 1606 739 τὴν

208 763 418 804 πολιτείαν·
460 765 498 803 εἰ
532 759 607 818 γὰρ
646 760 701 816 μὴ
748 759 890 802 ταύτὸν
930 759 975 803 τὸ
1017 763 1168 803 δίκαιον
1214 760 1316 804 κατὰ
1363 757 1502 811 πάσας
1534 760 1605 812 τὰς

208 841 427 890 πολιτείας,
485 837 633 896 ἀνάγκη
679 840 746 881 καὶ
800 842 870 894 τῆς
925 836 1174 894 δικαιοσύνης
1225 838 1321 882 εἶναι
1369 836 1596 896 διαφοράς.«

210 919 340 961 Recte
374 933 418 960 se
458 917 584 960 habet
613 919 691 960 ista
732 918 953 960 conclusio.
1026 917 1112 961 Sed
1155 933 1244 960 cum
1285 934 1370 961 non
1406 920 1485 961 nisi
1523 934 1605 961 una

210 998 264 1041 sit
293 997 472 1048 iustitia,
514 1011 618 1054 quae
659 1011 756 1039 vera
789 995 868 1039 diei
900 1001 1061 1055 potest,
1112 1024 1160 1030 -
1201 1012 1293 1040 nam
1333 996 1384 1040 de
1411 996 1605 1056 {generali

209 1076 332 1120 modo
375 1077 532 1118 iustitia
572 1075 673 1117 haec
716 1077 854 1117 omnia
894 1075 1003 1118 dicta
1039 1081 1157 1125 sunt,
1206 1103 1253 1108 —
1302 1077 1480 1118 existere
1520 1090 1605 1118 non

208 1160 388 1215 possunt
427 1158 515 1210 »τῆς
547 1151 797 1209 δικαιοσύνης
828 1157 1050 1211 διαφοραία
1121 1155 1211 1198 Etsi
1243 1170 1342 1198 vero
1375 1155 1473 1198 boni
1506 1156 1603 1197 civis

212 1239 254 1276 et
284 1234 361 1277 viri
399 1233 498 1277 boni
538 1235 671 1276 virtus
715 1248 770 1276 ex
799 1232 1039 1276 Aristotelis
1082 1232 1218 1276 verbis
1261 1232 1404 1275 eadem
1445 1233 1499 1276 sit
1530 1247 1603 1275 ne-

211 1327 325 1357 cesse
358 1318 443 1364 est,
486 1310 703 1356 inferiores
746 1318 882 1356 tamen
915 1318 1011 1356 sunt
1051 1295 1152 1371 ipsis
1174 1312 1455 1371 regnantibus.
1518 1311 1603 1355 Re-

208 1391 431 1450 gnantibus
464 1393 571 1434 enim
603 1396 751 1434 natura
784 1392 956 1449 contigit
973 1391 1255 1450 intelligentia,
1290 1390 1447 1434 civibus
1465 1395 1603 1434 autem

210 1468 496 1513 tantummodo
525 1475 637 1513 recta
678 1470 818 1527 opinio
840 1467 924 1521 (2).
998 1468 1109 1513 Satis
1150 1484 1248 1528 ergo
1280 1470 1400 1513 nobis
1434 1469 1603 1512 demon-

210 1554 406 1600 stratum,
455 1548 723 1592 Aristotelem
765 1552 876 1591 reete
925 1548 1089 1606 quidem
1132 1550 1310 1591 sensisse
1361 1548 1413 1591 de
1451 1550 1603 1592 virtute

208 1628 378 1687 politica
409 1643 432 1670 a
463 1627 606 1671 morali
638 1626 892 1686 separanda3
925 1642 1061 1686 neque
1098 1642 1196 1671 vero
1230 1629 1476 1671 sententiam
1506 1626 1603 1670 inde

211 1722 233 1749 a
261 1707 492 1750 veterrimis
522 1707 780 1766 temporibus
823 1707 1012 1750 omnibus
1047 1706 1211 1750 Graecis
1246 1709 1449 1758 innatam,
1490 1707 1602 1765 leges

211 1787 388 1828 civitatis
430 1791 472 1828 et
506 1785 619 1844 leges
660 1786 813 1829 ethicas
855 1786 1018 1829 easdem
1061 1801 1172 1838 esse,
1215 1786 1337 1845 plane
1371 1786 1604 1844 relinquere

209 1866 360 1923 potuit.

332 1942 447 1992 Quae
479 1943 585 1986 libro
627 1948 773 2000 quarto
808 1943 859 1985 de
904 1942 1119 1987 ordinibus
1151 1943 1426 2001 philosophus
1460 1942 1602 2001 dispu-

210 2027 271 2065 tat
285 2020 377 2078 (2),
411 2036 503 2064 cum
532 2023 584 2064 iis
616 2036 720 2079 quae
763 2021 813 2064 de
843 2024 942 2065 civis
980 2024 1150 2065 notione
1194 2022 1244 2065 ab
1285 2021 1429 2065 eodem
1471 2021 1602 2071 allata,

309 2130 365 2176 (1)
390 2133 447 2165 De
482 2133 712 2174 regnantibus
752 2134 924 2175 cogitasse
968 2134 1132 2178 videtui-5
1173 2135 1296 2167 eadem
1335 2140 1454 2166 tamen
1495 2135 1603 2167 etiam

209 2196 253 2226 «le
280 2196 361 2226 cive
386 2195 544 2236 intelligi
578 2195 720 2236 debent,
747 2194 805 2238 (V.
845 2196 879 2237 7,
915 2194 972 2227 14.
1008 2196 1071 2230 cll.
1110 2193 1188 2237 20).
1249 2196 1470 2227 praectarum
1496 2195 1605 2235 igitur

212 2265 296 2286 sane
324 2256 539 2287 sententiam
566 2256 652 2287 tulit
678 2261 798 2287 noster
823 2256 967 2297 dicens,
995 2256 1081 2287 boni
1108 2256 1196 2287 civis
1224 2266 1313 2296 esse,
1340 2256 1603 2287 institutionem

208 2316 432 2358 reipublicae
460 2317 610 2359 diligere
638 2323 675 2350 et
701 2318 836 2350 fovere.
886 2317 1012 2359 Neque
1039 2318 1144 2349 aliter
1169 2323 1289 2350 nostra
1301 2322 1417 2349 aetate
1439 2317 1600 2358 egregius

210 2377 358 2419 quidam
385 2378 533 2419 scriptor
566 2379 746 2420 professus
782 2384 852 2419 est,
888 2378 1159 2410 Montescuvius
1194 2379 1221 2412 l.
1257 2378 1296 2417 1.;
1332 2378 1357 2412 l,
1385 2378 1426 2418 V,
1461 2387 1537 2419 cap,
1565 2377 1601 2413 2.

208 2438 265 2477 „la
291 2442 393 2470 νει-ω
418 2438 504 2471 dans
530 2450 601 2472 une
640 2439 857 2482 re'publique
892 2444 944 2472 est
977 2451 1049 2472 une
1084 2440 1191 2472 chose
1226 2437 1295 2470 tres
1330 2438 1482 2481 simple3
1517 2440 1602 2471 c'est

207 2495 366 2532 l‘amour
390 2500 434 2531 de
460 2500 496 2531 la
521 2500 767 2542 republique,“
807 2506 841 2532 et
875 2506 1009 2543 postea,
1044 2498 1216 2542 „l'amour
1251 2500 1295 2530 de
1320 2500 1355 2531 la
1382 2501 1492 2541 patrie
1518 2511 1602 2533 con-

210 2561 287 2592 ‹luit
312 2564 332 2593 a
358 2562 393 2592 la
427 2560 536 2593 bonte¹
573 2561 634 2593 des
669 2572 833 2604 mot-um,
871 2568 905 2594 et
938 2563 974 2594 la
1012 2561 1120 2595 bonte'
1147 2561 1207 2594 «tes
1242 2571 1382 2595 moeurs
1408 2561 1556 2595 conciuit
1581 2561 1601 2594 ὶι

208 2618 361 2653 l'amour
385 2623 429 2653 de
455 2622 490 2653 ln
516 2624 661 2664 patrie.“

310 2678 363 2721 (2)
390 2680 452 2715 Ar.
479 2683 548 2723 pol.
576 2683 648 2724 ]11,,
674 2683 709 2723 2,
737 2684 795 2719 ll.

309 2737 368 2790 (3)
394 2741 463 2783 lv.‚
488 2740 525 2784 3,
551 2742 705 2779 11—14.
