1799 3104
228 210 299 262 ⁸16

226 354 290 397 ria
322 354 364 395 in
395 353 519 395 hacce
552 353 815 410 oppositione
839 348 1020 394 tollenda
1050 355 1235 392 versetur
1252 349 1328 407 (1).
1393 352 1482 395 Hoc
1514 355 1621 397 enim

229 430 348 481 dicit,
379 430 570 472 omnibus
601 430 854 489 reipublicae
886 427 1215 471 institutionibus
1247 433 1317 472 aut
1350 427 1623 475 democratiae

230 516 303 552 aut
344 510 594 568 oligarchiae
637 508 792 566 aliquid
826 510 985 559 inesse,
1027 521 1153 565 quare
1196 511 1289 550 ante
1324 510 1461 551 omnia
1498 526 1624 568 quae-

227 588 404 631 rendum
441 603 552 638 esse,
596 593 735 629 utrum
775 587 922 629 melius
964 588 1027 629 sit.
1094 587 1219 629 Cuius
1260 588 1512 644 quaestionis
1543 589 1624 632 sol-

229 667 388 709 vendae
433 665 654 707 difficultas
684 670 798 707 tanta
832 669 907 714 est,
941 670 988 706 ut
1020 679 1072 705 ne
1102 666 1192 722 ipse
1225 664 1389 722 quidem
1416 664 1625 709 Aristote-

227 745 288 786 les
325 758 412 786 eam
442 744 712 801 superaverit.
784 742 959 785 Accedit
992 757 1090 784 vero
1121 743 1293 785 alterum
1327 749 1625 801 argumentum.

229 823 333 865 Cum
368 823 475 865 enim
508 821 626 864 Plato
660 835 759 863 suae
792 822 935 862 aetatis
978 819 1158 862 indolem
1189 822 1457 879 perspiciens,
1483 824 1526 864 in
1547 838 1629 880 qua

231 901 382 959 singuli
423 915 538 942 suam
577 901 751 957 quisque
793 898 939 957 agendi
985 904 1025 941 et
1058 898 1264 957 cogitandi
1295 899 1525 942 libertatem
1551 900 1629 943 sibi

228 978 438 1022 vindicare
486 983 722 1036 appeteret,
765 991 908 1019 verum
940 992 1098 1019 morum
1123 979 1393 1036 principium,
1428 980 1455 1029 i,
1487 994 1521 1022 e.
1555 994 1626 1021 ve-

227 1073 316 1102 ram
346 1056 597 1102 Graecorum
628 1063 839 1106 naturam,
874 1071 977 1113 quae
1010 1057 1154 1098 nititur
1185 1058 1227 1098 in
1261 1057 1418 1099 ethicae
1452 1062 1492 1099 et
1522 1058 1627 1115 poli-

229 1138 333 1178 ticae
366 1135 634 1193 inseparabili
669 1135 978 1183 coniunctione,
1013 1133 1070 1174 illi
1104 1139 1356 1191 opponeret:
1419 1134 1627 1178 Aristote-

229 1214 310 1256 lem
335 1213 525 1256 videmus
573 1218 714 1255 contra
749 1212 829 1254 dua
861 1212 928 1253 illa
960 1213 1161 1269 principia
1203 1214 1405 1254 contrarie
1438 1216 1630 1270 opposita

228 1276 506 1351 pugnantem,
550 1293 605 1334 ita
653 1296 701 1333 ut
738 1289 919 1332 medium
961 1288 1169 1347 quoddam
1210 1291 1395 1333 invenire
1428 1290 1627 1344 studeret,

228 1374 269 1413 in
311 1386 392 1428 quo
438 1375 630 1412 neutrum
672 1369 910 1411 violaretur.
976 1368 1031 1410 Et
1062 1369 1128 1410 vel
1170 1371 1260 1426 ipsa
1301 1369 1369 1411 illa
1409 1371 1627 1428 singularis

229 1447 470 1506 disputandi
501 1449 621 1499 ratio,
656 1461 761 1505 quae
793 1461 869 1505 per
900 1446 1139 1489 Aristotelis
1168 1446 1296 1490 libros
1328 1447 1519 1505 politicos
1553 1448 1626 1492 ob-

228 1529 295 1568 via
323 1532 398 1577 est,
444 1528 640 1568 eximium
675 1525 909 1583 exemplum
942 1540 1190 1583 permagnae
1216 1527 1331 1568 crisis
1363 1526 1555 1584 praebet,
1587 1528 1629 1569 in

230 1620 310 1661 qua
344 1606 476 1647 omnis
503 1620 641 1647 rerum
687 1603 892 1654 conditio,
928 1604 992 1646 vel
1030 1609 1117 1646 tota
1148 1604 1258 1646 illius
1290 1605 1434 1647 aetatis
1466 1604 1627 1651 indoles

228 1683 512 1726 versabantur.
598 1682 720 1732 Quod
767 1697 851 1724 non
896 1684 993 1724 satis
1046 1684 1344 1741 perspicientes
1378 1684 1627 1727 recentiores

231 1761 397 1819 quidam
439 1763 662 1820 scriptores
715 1765 854 1803 eontra
896 1760 1165 1804 Aristotelem
1203 1762 1471 1804 iniustissime
1511 1764 1640 1805 inve-.

231 1841 284 1883 cti
316 1845 414 1883 sunt
432 1838 508 1897 (2)
573 1838 677 1882 Nam
708 1829 787 1881 fuit
815 1839 905 1890 ille,
933 1841 968 1881 si
999 1855 1083 1882 non
1115 1842 1296 1897 primus,
1339 1846 1448 1882 certe
1480 1842 1528 1891 is,
1558 1843 1628 1898 qui

231 1933 389 1961 summa
423 1919 670 1977 sagacitate,
719 1933 823 1975 quae
857 1916 1011 1960 fuerint
1058 1917 1285 1969 laudanda,
1329 1933 1433 1976 quae
1464 1920 1627 1978 vitupe-

229 1997 358 2040 randa
390 1999 435 2039 in
467 1996 720 2041 Graecorum
755 2001 914 2047 natura,
944 1996 1129 2054 undique
1162 1999 1379 2055 perspexit
1412 2003 1452 2041 et
1484 2013 1626 2041 causas

329 2230 386 2280 (1)
414 2233 478 2270 Ar.
506 2234 578 2276 pol.
604 2235 675 2276 lv.,
701 2233 738 2278 33
767 2232 823 2271 15,
851 2235 901 2267 ib.
928 2235 999 2276 IV„
1025 2233 1060 2277 3,
1075 2233 1110 2270 4.
1137 2236 1200 2271 cll.
1228 2236 1283 2276 V„
1312 2235 1343 2276 1,
1370 2235 1405 2272 8.
1431 2236 1507 2278 lll.,
1536 2236 1570 2278 6,
1592 2237 1626 2272 1.

331 2291 389 2339 (2)
417 2297 461 2337 cf,
486 2296 605 2327 Riuer
630 2297 657 2331 l.
684 2296 710 2329 1.
740 2307 773 2337 p.
800 2294 884 2330 390.
920 2295 1089 2337 „Genug,
1126 2297 1195 2328 wie
1228 2297 1294 2328 wir
1318 2305 1386 2327 uns
1413 2297 1506 2329 auch
1530 2308 1625 2329 wen-

232 2358 316 2397 den,
343 2356 406 2388 der
438 2356 733 2389 Aristotelischen
767 2356 904 2389 Politik
930 2357 1071 2389 selu-int
1098 2357 1156 2389 (lie
1181 2358 1291 2389 letzte
1327 2356 1555 2398 vollendung
1580 2369 1627 2392 zu

230 2417 369 2452 felilen.
427 2417 508 2449 Una
533 2418 573 2449 in
599 2418 662 2449 der
686 2417 798 2459 That,
832 2418 891 2449 die
918 2428 1029 2458 ganze
1056 2418 1172 2449 Lehre
1199 2418 1260 2449 (les
1285 2415 1495 2450 Aristoteles
1532 2420 1627 2461 zeigt

232 2479 309 2510 sich
336 2488 402 2510 uns
428 2478 468 2509 in
502 2477 637 2509 diesem
663 2478 789 2509 Lichle
817 2475 929 2520 (312),
980 2478 1064 2509 wir
1098 2479 1264 2510 inochten
1291 2478 1342 2509 sie
1380 2479 1444 2510 mit
1478 2480 1627 2513 solchen

232 2539 398 2571 WVerken
433 2538 497 2570 der
521 2538 639 2570 Kunst
653 2539 891 2580 vergleichen,
918 2540 1056 2571 welche
1084 2539 1239 2571 besu-ebt
1264 2538 1363 2579 sind,
1389 2539 1428 2571 in
1453 2540 1513 2572 iias
1538 2541 1625 2574 Ein-

236 2599 348 2629 zelsue
375 2599 652 2639 vorzudringen,
679 2600 754 2630 und
787 2600 928 2631 iiber-all
958 2600 1027 2631 (len
1055 2604 1212 2639 grusslen
1236 2598 1456 2631 Reichthum
1481 2610 1527 2632 an
1553 2601 1625 2633 Ge-

233 2658 378 2690 ‹lanken
399 2669 444 2690 zu
471 2660 711 2701 entwickeln,
738 2661 876 2693 welche
903 2661 989 2692 aber
1013 2660 1102 2692 iiber
1123 2658 1525 2701 detMannigfaltigkeit
1551 2663 1627 2699 und

234 2719 364 2753 Grusse
392 2719 454 2750 der
479 2717 640 2760 Ausgabe
667 2721 766 2753 nicht
792 2732 857 2753 zur
883 2721 1111 2761 Vollendung
1136 2720 1310 2766 gelangen
1335 2720 1511 2763 konnen,“
