1799 3104
1491 249 1560 300 ⁷9

174 393 470 456 praedilexisse
494 393 681 443 videtur,
718 395 870 452 quippe
913 409 992 452 qua
1023 409 1131 436 unus
1163 397 1226 436 vir
1256 409 1397 437 omnes
1432 394 1561 437 virtu-

174 480 237 519 tes
267 479 308 516 et
340 488 537 516 summam
566 471 876 530 intelligentiam
903 474 944 514 in
988 488 1032 515 se
1067 474 1354 531 coniungeret,
1398 473 1449 516 de
1481 488 1561 531 qua

174 567 218 597 re
257 551 472 595 Platonem
523 549 648 592 habet
697 552 1033 593 consentientem.
1113 549 1258 608 Neque
1309 551 1425 594 aliter
1470 550 1561 595 fieri

173 635 349 689 poterat,
383 643 474 672 cum
502 633 678 686 uterque
717 633 917 672 statueret
957 628 1149 687 politicae
1188 634 1228 671 et
1261 628 1418 671 ethicae
1451 630 1560 671 inse-

172 708 394 767 parabilem
428 708 768 750 coniunctionem.
831 707 1073 750 Monarchia
1092 709 1270 765 antiquis
1305 707 1560 765 temporibus

175 787 351 830 maxime
383 787 564 844 propria.
627 785 723 828 Rex
761 787 868 828 enim
909 788 942 828 is
987 785 1221 836 dicebatur,
1263 788 1333 843 qui
1375 788 1562 829 societati

175 865 295 908 alicui
333 863 396 905 vel
435 865 582 906 minori
621 864 685 906 vel
722 866 865 906 maiori
907 862 1169 922 praesidebat
1189 861 1274 921 (1),
1329 869 1369 906 et
1408 864 1561 923 ubique

173 944 354 987 locorum
388 942 548 985 valebat
578 942 681 985 illud
719 942 810 985 »οὐκ
842 942 1002 1000 ἀγαθὸν
1031 946 1320 1000 πολυκοιρανίη,
1347 942 1400 993 εἶς
1430 945 1561 999 κοίρα-

174 1039 238 1072 νος
268 1021 369 1064 ἔστω
388 1018 488 1077 (2).«
559 1020 654 1063 Rex
683 1012 811 1079 igitur¹
843 1021 1072 1079 quibusque
1101 1021 1323 1064 virtutibus
1358 1021 1561 1064 excellere

176 1100 409 1152 dicebatur3
443 1101 627 1159 corporis
650 1099 905 1143 formositate
924 1097 999 1157 (3),
1024 1102 1176 1143 virtute
1194 1106 1235 1143 et
1251 1100 1468 1144 honestate
1481 1099 1558 1157 (4),

173 1179 442 1238 intelligentia
469 1178 567 1236 (5),
615 1178 791 1237 denique
837 1184 1043 1237 potestate
1092 1184 1132 1222 et
1178 1179 1457 1222 munificentia
1482 1177 1560 1237 (6).

173 1259 308 1318 Regni
339 1262 480 1302 noster
511 1262 689 1316 quatuor
720 1259 877 1316 species
896 1258 1121 1309 constituit,
1156 1272 1290 1316 neque
1317 1260 1351 1301 si
1376 1263 1561 1302 veterum

173 1352 299 1397 regna
327 1336 638 1396 perlustramus,
672 1338 884 1380 averitate
916 1336 1179 1379 abhorruisse
1195 1336 1371 1388 videtur,
1401 1338 1559 1380 etiamsi

173 1432 258 1461 non
289 1418 399 1461 iusto
432 1414 576 1459 ordine
606 1415 656 1459 de
681 1418 730 1459 iis
769 1416 932 1459 locutus
970 1418 1033 1460 sit.
1107 1415 1210 1460 Nam
1239 1415 1352 1475 quod
1381 1418 1559 1475 primum

174 1495 405 1547 dicendum,
438 1510 608 1553 regnum
642 1495 754 1553 quod
784 1495 944 1538 valebat
980 1502 1166 1554 tempore
1197 1496 1386 1547 heroico,
1419 1494 1462 1538 id
1494 1495 1559 1538 ul-

175 1577 272 1618 timo
304 1574 394 1616 loco
426 1575 567 1632 posuit
583 1572 664 1630 (7).
727 1573 915 1616 Alterum
955 1573 1059 1616 illud
1107 1574 1318 1617 Laconum
1361 1580 1444 1625 est,
1485 1574 1557 1617 ubi

173 1654 441 1696 inveniuntur
475 1651 556 1695 duo
600 1666 743 1710 reges,
788 1653 856 1709 qui
888 1657 1131 1710 perpetuam
1174 1655 1216 1695 in
1256 1653 1362 1696 bello
1392 1651 1556 1712 praefe-

175 1736 329 1774 cturam
364 1735 404 1773 et
434 1745 643 1773 sacrorum
675 1744 812 1773 curam
846 1730 1041 1773 tenebant
1062 1716 1145 1788 (8),
1189 1733 1260 1788 qui
1292 1746 1380 1773 mos
1414 1731 1466 1773 ad
1495 1731 1560 1773 ul—

173 1811 271 1855 tima
303 1824 434 1869 usque
467 1808 645 1854 Graecae
668 1809 863 1857 historiae
895 1814 1083 1869 tempora
1120 1810 1371 1854 servabatur.
1456 1810 1561 1854 Ter-

174 1892 277 1934 tium
309 1905 440 1949 genus
471 1888 679 1944 tyrannidi
708 1888 851 1940 simile,
884 1888 1111 1947 legitimum
1141 1894 1278 1932 tamen
1297 1895 1371 1941 est,
1406 1891 1561 1949 quippe

175 1985 255 2029 quo
287 1984 364 2013 rex
406 1969 456 2012 ab
497 1969 597 2027 ipsis
633 1967 812 2018 civibus,
859 1982 993 2026 neque
1034 1984 1058 2010 a
1098 1969 1326 2027 peregrinis
1377 1967 1560 2011 custodi-

176 2053 242 2092 tur
265 2047 336 2101 (9)
368 2048 460 2090 Huc
504 2046 591 2090 fere
620 2047 841 2089 Persarum
880 2062 1053 2105 regnum
1094 2049 1284 2106 pertinet.
1358 2046 1560 2097 Quartum

273 2204 334 2254 (l)
361 2208 408 2242 cf.
435 2207 579 2241 Homer.
608 2207 652 2241 11.
678 2206 714 2247 8,
741 2204 823 2241 162.

274 2266 332 2314 (2)
359 2270 409 2302 ih.
439 2269 471 2310 2,
498 2266 580 2303 204.
607 2267 670 2302 cll.
700 2267 792 2303 Plut,
820 2267 943 2310 Pelop.
972 2278 1001 2300 c.
1028 2265 1086 2300 24.

272 2328 326 2374 (3)
352 2332 413 2365 Ar.
438 2329 512 2372 pol.
541 2328 573 2369 l,
598 2327 634 2369 2,
662 2326 720 2360 15.

272 2388 326 2434 (4)
353 2390 403 2426 ib.
431 2389 499 2430 111,
526 2388 584 2430 10,
612 2387 647 2424 τ.

272 2447 327 2493 (5)
353 2450 404 2486 iu»,
430 2450 498 2490 111,
523 2448 559 2489 2,
585 2448 645 2481 ιι.

274 2507 332 2556 (6)
360 2511 409 2546 ib,
436 2511 476 2552 v,
502 2509 538 2550 8,
563 2507 597 2541 5.

272 2568 328 2615 (τ)
353 2571 405 2603 il».
432 2570 501 2612 ιιι,
526 2570 562 2610 9,
590 2567 625 2603 ’1.
651 2569 711 2601 cn.
740 2567 807 2609 ιιι,
835 2567 891 2609 ιο,
919 2568 953 2603 1.

273 2628 329 2675 (a)
354 2631 403 2663 ib.
430 2628 497 2671 ιιι,
523 2630 558 2670 9,
584 2628 620 2661 2.

277 2687 334 2736 (9)
360 2691 410 2726 ib.
438 2689 507 2734 111,
532 2690 567 2736 9,
593 2687 617 2721 3
643 2693 677 2724 et
701 2685 737 2728 ιι,
