1799 3104
1545 244 1613 293 27

227 392 347 436 talem
388 393 551 442 statuit,
597 404 700 448 quae
756 405 810 432 ex
850 392 991 433 intimo
1028 388 1141 431 fonte
1176 388 1424 432 Graecorum
1463 388 1617 445 ingenii

226 472 374 514 hausta
420 476 539 512 esset.
612 468 715 512 Nam
747 468 839 511 idea
870 468 969 512 boni
1002 474 1148 527 utpote
1184 470 1376 526 princeps
1419 468 1506 510 dux
1546 481 1613 509 so-

227 549 383 591 cietatis
415 548 605 605 politicae
648 550 863 606 imaginem
907 550 1054 591 summi
1090 548 1271 588 onmium
1305 548 1482 604 partium
1514 560 1611 588 con-

226 641 371 669 sensus
412 627 630 684 proponit,
680 627 791 684 quod
831 628 989 686 singula
1032 640 1240 684 quaeque,
1293 639 1397 682 quae
1438 622 1489 665 ad
1529 637 1616 665 rem

223 704 429 764 publicam
458 706 689 762 pertinent,
732 708 774 748 in
816 709 1008 749 universo
1051 705 1132 747 fine
1175 706 1291 762 quasi
1335 704 1614 761 excipiuntur,

224 786 281 827 ita
309 788 445 827 tamen
471 788 519 826 ut
549 785 681 842 capita
716 785 889 828 civitatis
924 786 1011 828 eius
1028 784 1148 842 plane
1168 784 1322 826 conscii
1343 784 1437 826 sint.
1472 780 1611 832 Quare

225 862 348 905 debet
392 863 605 921 politicus,
654 863 718 905 vel
759 863 869 920 quod
915 863 1023 905 idem
1067 878 1120 904 ex
1163 863 1368 904 sententia
1414 861 1612 909 Platonis,
1652 886 1654 888 v

223 940 495 999 philosophus
528 955 695 999 compos
735 956 824 983 esse
867 942 1078 984 absolutae
1117 941 1226 983 illius
1268 940 1466 990 Unitatis,
1510 953 1614 997 quae

223 1018 316 1061 idea
354 1018 453 1061 boni
495 1020 759 1076 exprimitur,
805 1025 845 1061 et
880 1022 994 1062 cuius
1028 1022 1067 1061 in
1110 1019 1318 1062 finitorum
1360 1033 1487 1076 regno
1539 1032 1612 1059 ex-

223 1095 461 1156 prixnendae
516 1095 855 1155 effingendaeque
898 1113 1018 1140 causa
1060 1100 1224 1140 omnino
1275 1102 1410 1140 exstat
1455 1098 1611 1139 civitas.

222 1175 334 1218 Haec
375 1176 593 1224 universae
629 1175 918 1233 philosophiae
957 1176 1164 1227 Platonis,
1215 1176 1317 1217 haec
1362 1175 1614 1233 reipublicae

224 1268 387 1311 quoque
419 1255 600 1311 specieS,
644 1259 690 1295 ut
730 1268 818 1295 cum
856 1254 1052 1296 Cicerone
1083 1255 1252 1311 loquar,
1287 1268 1443 1295 summa
1477 1255 1614 1310 posita

224 1338 298 1375 est.
362 1331 580 1375 Enimvero
609 1332 804 1390 postulat,
839 1339 886 1376 ut
914 1338 1132 1392 regnantes
1154 1338 1194 1376 et
1220 1331 1425 1383 custodes,
1460 1333 1503 1374 in
1522 1333 1612 1389 qui-

221 1410 299 1453 bus
332 1412 500 1469 propria
531 1412 678 1454 nititur
708 1411 959 1469 reipublicae
993 1414 1054 1454 vis
1088 1417 1127 1453 et
1158 1410 1343 1462 facultas,
1376 1410 1469 1453 idea
1494 1410 1606 1461 boni,

223 1491 249 1533 i.
284 1504 318 1532 e.
349 1495 409 1541 ut,
446 1489 637 1548 completi
665 1489 850 1548 perfecta
867 1490 946 1533 Dei
979 1490 1258 1541 similitudine,
1293 1505 1377 1532 non
1395 1491 1477 1532 nisi
1507 1491 1617 1531 eius-

221 1567 332 1610 modi
364 1581 469 1625 opus
500 1574 719 1626 peragant,
753 1568 863 1626 quod
892 1570 1012 1620 unice
1046 1570 1088 1610 in
1119 1567 1211 1610 idea
1246 1582 1404 1610 summa
1442 1570 1612 1617 nitatur,

223 1660 270 1688 ea
301 1647 419 1703 quasi
450 1660 540 1688 sese
571 1644 736 1698 fulciat;
777 1647 961 1704 postulat
999 1649 1187 1697 omnino,
1233 1653 1276 1689 ut
1309 1648 1465 1697 omnia,
1500 1660 1606 1703 quae

223 1729 402 1782 agerent,
431 1738 507 1782 pro
540 1738 614 1767 sua
658 1724 850 1783 quodque
895 1731 1041 1767 natura
1083 1725 1135 1767 ad
1172 1725 1283 1768 hunc
1320 1739 1450 1767 unum
1487 1722 1612 1766 finem

224 1817 419 1847 conversa
451 1818 607 1845 summa
649 1805 880 1862 cognitione
921 1805 1003 1846 sint
1044 1809 1258 1862 penetrata
1286 1803 1362 1863 (1),
1442 1803 1609 1847 Perma-

321 1973 376 2019 (1)
403 1977 502 2009 Haec
527 1982 579 2008 est
604 1986 741 2008 summa
768 1978 859 2017 eius,
885 1988 992 2018 quam
1031 1978 1256 2010 *virtutem
1283 1979 1384 2010 Plato
1411 1979 1520 2018 dicit,
1545 1988 1610 2009 seu

223 2038 312 2078 eius,
338 2047 409 2079 quo
435 2038 590 2079 positum
617 2046 693 2068 esse
720 2038 997 2069 existimaverim
1011 2038 1225 2079 principium
1250 2039 1390 2071 Mornle
1416 2049 1436 2070 a
1458 2038 1608 2069 Platone

220 2098 448 2140 propositum,
475 2098 569 2139 quod
586 2098 625 2129 in
651 2099 883 2139 sequentibus
910 2099 965 2130 his
981 2099 1134 2131 breviter
1152 2100 1364 2131 adiimlirare.
1387 2100 1607 2132 conabimur.

222 2158 395 2189 Virtutem
431 2159 576 2189 omnino
604 2158 758 2190 dicimus
785 2159 829 2190 de
844 2159 950 2190 rebus
964 2159 1015 2190 ita
1043 2159 1087 2190 ad
1124 2161 1299 2202 propriam
1335 2166 1495 2192 naturam
1522 2160 1546 2193 i.
1576 2170 1606 2191 e.

221 2219 264 2250 ad
290 2208 406 2260 parles
432 2219 525 2249 inter
550 2228 587 2249 se
622 2225 879 2250 consentaneas
906 2222 1133 2261 comparatis,
1160 2227 1200 2252 ut
1226 2220 1316 2252 illae
1341 2222 1488 2263 possint,
1514 2231 1607 2261 quae

222 2285 272 2311 est
300 2289 420 2311 earum
447 2283 581 2319 natura,
608 2279 699 2309 bene
725 2280 906 2320 proficere,
934 2280 978 2310 de
1003 2291 1076 2321 rep.
1105 2281 1131 2315 1,
1160 2292 1192 2322 p.
1218 2280 1291 2313 353
1316 2283 1356 2317 Α,
1410 2282 1465 2313 Ila
1487 2282 1607 2323 loqui-

220 2347 279 2375 tur
303 2341 347 2374 de
380 2341 511 2374 virtute
537 2339 634 2373 oculi
668 2336 710 2383 (l.
748 2336 810 2382 l.),
846 2345 959 2372 terrae
996 2336 1141 2383 (Critias
1180 2352 1256 2383 pag.
1295 2340 1365 2375 11¹7
1392 2338 1457 2385 B),
1492 2354 1605 2385 aquae

222 2403 288 2443 (ib.
315 2413 348 2443 p.
381 2402 449 2435 117
475 2399 532 2444 Α.)
560 2402 712 2443 corporis
748 2399 869 2443 (Gorg.
905 2412 940 2442 p.
966 2400 1039 2433 479
1066 2402 1103 2433 B.
1141 2402 1200 2438 cll,
1229 2413 1262 2443 p.
1289 2402 1363 2436 504
1389 2402 1445 2445 C.)
1505 2404 1604 2435 Idem

221 2463 317 2495 valet
341 2462 386 2495 de
410 2461 638 2503 hominibus,
669 2463 700 2495 si
729 2462 836 2495 talem
867 2462 981 2494 animi
1014 2462 1166 2505 partium
1201 2464 1296 2496 inter
1329 2475 1366 2497 se
1402 2475 1604 2497 connexum

221 2524 415 2565 effecerint,
439 2529 481 2556 ut
505 2529 630 2556 mutuo
664 2525 802 2557 auxilio
836 2534 951 2555 unum
986 2525 1163 2565 quoddam
1197 2536 1286 2567 opus
1320 2527 1389 2556 sibi
1424 2527 1493 2565 ipsi
1519 2536 1602 2556 con-

222 2585 378 2616 sentiens
405 2589 604 2627 perpetrare
630 2585 776 2627 possint.
828 2582 898 2615 Sed
924 2594 1149 2626 quaeramus,
1178 2585 1356 2626 quomodo
1381 2585 1469 2616 baec
1493 2586 1603 2617 animi

221 2646 374 2685 partium
400 2646 587 2678 harmonia
612 2652 764 2687 paretur.
817 2645 975 2676 Postulat
991 2647 1087 2676 enim
1102 2646 1212 2686 Plato,
1238 2652 1288 2687 ut,
1315 2647 1455 2686 cognita
1482 2657 1605 2678 rerum

221 2703 329 2735 huius
355 2706 482 2737 mundi
507 2711 542 2737 et
574 2706 770 2738 studiorum
804 2706 992 2738 hominum
1028 2711 1173 2747 natura,
1206 2706 1244 2737 id
1278 2712 1397 2738 mente
1424 2708 1602 2748 concipia-

220 2772 319 2804 muS,
363 2766 459 2806 quod
493 2767 610 2800 solum
647 2767 753 2801 rebus
793 2772 827 2799 et
862 2767 961 2799 suciis
998 2768 1182 2800 veritatem
1205 2768 1373 2811 praebere
1405 2769 1531 2810 possit,
1564 2773 1603 2799 ut
