1799 3104
1546 260 1612 309 15

230 408 297 458 tia,
330 406 449 462 cujus
481 406 800 463 pulcherrimum
834 404 1045 462 exemplar
1077 402 1247 445 exhibet
1280 402 1412 444 ethica
1444 402 1534 451 illa,
1568 408 1615 443 ut

230 487 287 527 ita
318 483 461 535 dicam,
494 484 706 527 hominum
724 484 910 534 societas,
935 480 1190 540 respublica3
1226 480 1483 523 concluditur
1501 480 1615 536 ejus-

230 563 322 605 dem
353 564 515 605 virtutis
539 561 684 612 laude,
731 576 822 603 cum
853 561 928 603 hac
957 562 1064 610 vita,
1109 565 1150 601 et
1191 572 1295 615 quae
1327 560 1369 599 in
1403 573 1450 599 ea
1481 547 1620 607 floret,

227 640 378 682 virtute
410 640 586 682 hominis
627 640 742 696 quasi
787 640 1031 681 universitas
1076 638 1346 679 contineatur.
1418 634 1615 677 Attamen

228 712 330 761 haec
364 720 449 760 vita
478 733 563 760 non
594 721 656 759 est
688 732 909 768 summum3
944 716 1019 759 sed
1049 731 1252 758 summum
1286 730 1333 757 ea
1364 716 1426 756 vis
1459 715 1613 771 ingenii

229 800 302 846 est,
337 810 415 853 qua
444 795 595 837 relictis
628 795 839 846 omnibus,
878 809 982 853 quae
1021 794 1208 836 mortalia
1240 794 1443 842 sentiunt,
1487 791 1614 834 divini

227 875 405 917 numinis
437 873 570 916 ideam
601 875 853 931 inspicimus.
917 873 1032 915 Hanc
1076 878 1268 929 tanquam
1302 885 1506 913 summum
1542 885 1612 911 cu-

228 953 375 1008 iusque
412 952 655 1009 cognitionis
690 955 730 993 et
765 952 962 1008 cuiusque
995 950 1205 993 hominum
1236 949 1363 992 studii
1405 947 1613 1006 fastigium

229 1030 273 1070 in
304 1028 440 1070 medio
461 1028 551 1071 loco
581 1029 706 1071 huius
739 1030 875 1086 operis
893 1031 1044 1086 posuit.
1108 1029 1249 1086 Itaque
1267 1030 1477 1086 quaeritur
1501 1041 1612 1069 nunc

230 1112 324 1149 ante
358 1108 507 1158 omnia,
542 1121 646 1164 quae
666 1108 720 1148 sit
748 1106 829 1157 illa,
862 1121 982 1163 quam
1000 1106 1250 1164 reipublic-ae
1267 1106 1505 1148 Platonicae
1535 1120 1611 1147 no-

231 1186 384 1227 tionem
416 1187 669 1243 propositam
703 1200 793 1227 esse
826 1184 1123 1235 contendimus,
1154 1184 1247 1226 idea
1279 1183 1389 1226 boni.

228 1697 275 1741 B.
313 1696 448 1748 Quid
477 1700 548 1740 sit
578 1696 699 1740 idea
729 1697 873 1748 boni,
908 1712 971 1739 ex
1001 1697 1142 1740 libro
1172 1697 1244 1740 VI.
1277 1699 1614 1757 reipublicae

378 1776 622 1818 Platonis
654 1791 763 1833 pag.
794 1773 897 1818 505.
926 1775 979 1818 A.
1014 1792 1118 1833 sqq.
1160 1779 1464 1834 exponitur.

349 1883 433 1926 Iam
465 1885 592 1942 igitur
632 1883 871 1927 accedamus
904 1883 955 1926 ad
986 1882 1095 1926 illam
1138 1887 1419 1942 quaestionem
1453 1888 1616 1930 solven-

229 1962 320 2005 dam
354 1962 474 2018 cujus
515 1977 672 2004 summa
705 1961 948 2012 difficultas,
988 1964 1050 2004 uti
1082 1977 1223 2005 omnes
1262 1965 1339 2005 viri
1373 1964 1502 2016 docti,
1545 1968 1615 2023 qui

227 2043 270 2083 in
303 2056 350 2083 ea
383 2039 598 2083 enodanda
630 2040 956 2091 elaboraverunt,
990 2043 1087 2083 satis
1112 2042 1429 2099 perspiciebant,
1462 2045 1519 2085 ita
1550 2059 1615 2086 me

228 2133 392 2174 quoque
424 2133 508 2159 non
541 2124 705 2175 poterat
742 2119 892 2167 latere,
938 2120 995 2159 ita
1025 2125 1072 2160 ut
1112 2121 1228 2176 quasi
1268 2119 1538 2162 haesitatione
1576 2128 1618 2163 et

227 2200 340 2238 metu
372 2193 548 2252 quodam
580 2200 744 2252 captus,
788 2211 841 2238 ne
871 2198 1006 2253 possit
1047 2199 1108 2238 vis
1143 2199 1229 2239 eius
1262 2197 1420 2239 infinita
1449 2214 1514 2240 me
1545 2198 1615 2242 fu-

229 2288 339 2332 gere,
373 2272 425 2314 ad
454 2272 559 2313 hanc
590 2286 676 2313 rem
706 2286 769 2312 me
803 2278 1056 2324 convertam,
1101 2275 1175 2316 sed
1206 2275 1306 2316 mihi
1331 2277 1457 2318 semel
1490 2278 1617 2321 altum

230 2354 438 2410 ingresso,
473 2366 577 2408 quae
608 2366 673 2392 me
707 2365 866 2407 cunque
897 2356 1120 2408 tempestas
1155 2360 1382 2411 exceptura
1422 2358 1494 2407 sit,
1529 2358 1619 2399 vela

231 2429 365 2472 danda
395 2434 503 2472 sunt.
554 2428 638 2480 ‚Sic
669 2430 793 2488 igitur
824 2443 910 2471 rem
939 2444 1126 2488 agamus,
1168 2437 1216 2474 ut
1248 2431 1426 2490 profecti
1459 2434 1508 2477 ab
1544 2451 1616 2478 ex-

229 2508 449 2566 plicatione
489 2508 570 2551 loci
605 2508 712 2550 illius
751 2507 1085 2566 praeclarissimi,
1130 2512 1200 2567 qui
1242 2511 1393 2568 legitur
1434 2514 1476 2553 in
1512 2515 1614 2571 reip.

230 2586 257 2629 l.
289 2585 361 2637 VI,
394 2601 434 2643 p.
467 2584 554 2629 505
586 2586 638 2629 A.
674 2600 782 2645 sqq.,
824 2585 939 2628 brevi
970 2589 1146 2645 imagine
1175 2588 1475 2640 describamus,
1517 2592 1617 2648 quid

233 2666 285 2706 sit
332 2663 425 2706 idea
470 2664 567 2708 boni
603 2670 643 2707 et
687 2665 786 2722 quid
825 2664 875 2706 ad
916 2670 1043 2707 totam
1085 2666 1387 2724 philosophiam
1433 2668 1617 2712 Platonis

231 2741 430 2797 valuerit,
457 2742 606 2787 deinde
640 2743 907 2795 disseremUS,
949 2743 1049 2801 quid
1082 2744 1159 2788 sibi
1186 2744 1286 2789 velit
1317 2745 1410 2789 idea
1449 2746 1546 2790 boni
1574 2750 1616 2789 in
