1799 3104
1489 258 1558 309 85

167 398 457 446 immoderatae
489 397 688 440 libertatis
736 395 983 440 desiderium
1017 414 1085 440 eos
1117 400 1330 449 incitabat,
1370 408 1413 443 ut
1447 417 1557 444 sum-

166 493 255 523 mae
291 477 479 519 licentiae
521 474 795 532 indulgerent.
868 475 1002 526 Quare
1050 476 1249 520 Periclem
1287 482 1357 538 qui
1398 481 1555 539 populo

166 556 371 615 stipendia
418 556 688 597 constitueret
738 560 779 596 et
809 554 1074 614 Areopagum
1107 562 1309 600 everteret
1333 558 1401 610 (1)
1457 560 1554 602 alia-

167 651 247 695 que
275 633 480 693 permulta
511 638 696 691 pararet,
749 633 896 691 quibus
928 634 1038 693 plebi
1072 637 1193 677 vitam
1228 636 1391 695 quidem
1423 638 1554 681 levem

168 720 208 757 et
238 713 527 771 voluptuosam
559 712 772 769 praebuit,
810 715 1000 755 virtutem
1032 721 1167 756 autem
1201 714 1324 773 fregit
1356 732 1400 758 ac
1441 717 1553 760 labe-

166 793 345 841 factavit,
376 796 486 833 recte
518 791 1100 848 reprehenderuntnovissimi
1132 794 1315 835 historici
1334 794 1412 851 (2).
1479 795 1555 838 Se-

165 872 246 915 mel
280 870 419 915 adiuta
450 869 594 927 populi
642 869 820 921 licentia,
864 885 968 928 quae
1007 871 1218 928 paullatim
1252 873 1445 923 increvit,
1482 876 1554 915 im-

165 950 298 1010 pediri
339 964 423 991 non
465 950 622 1006 potuit,
672 951 890 1005 quominus
929 950 1069 990 ultima
1110 950 1177 990 illa
1207 950 1452 993 democratia
1478 951 1554 1008 (3),

166 1024 285 1088 quam
306 1032 461 1078 noster,
495 1041 567 1069 seu
586 1026 843 1077 ochlocratia‚
869 1042 987 1085 quam
1008 1027 1208 1085 Polybius
1228 1027 1336 1080 dicit,
1360 1037 1556 1088 aequatae

167 1107 439 1153 democratiae
481 1107 616 1149 locum
657 1108 898 1164 susciperet.
973 1105 1058 1148 Sed
1097 1122 1148 1148 ne
1187 1107 1297 1165 longi
1336 1111 1461 1151 simus
1506 1109 1556 1151 dc

165 1186 290 1231 rebus
341 1187 586 1237 notissimis,
627 1184 825 1236 sufficiat,
867 1184 991 1227 verba
1039 1188 1169 1228 nostri
1202 1190 1363 1246 egregia
1408 1190 1553 1231 citasse

166 1266 316 1323 quibus
351 1266 566 1307 transitum
597 1264 648 1306 ad
666 1266 935 1306 recentiorem
957 1264 1245 1308 democratiam
1267 1268 1436 1324 eiusque
1458 1283 1551 1309 cau—

168 1359 234 1387 sas
269 1343 460 1394 declarat,
497 1357 601 1400 quae
633 1342 699 1392 V.‚
736 1341 775 1393 7,
811 1341 881 1385 22.
915 1343 1121 1400 leguntur.

285 1422 331 1465 ln
369 1421 512 1465 ultima
543 1421 619 1463 hac
651 1419 898 1462 democratia
929 1436 1052 1478 saepe
1084 1423 1290 1464 exsistunt
1319 1423 1553 1466 adulatores

166 1516 240 1544 seu
270 1502 425 1559 gratiae
466 1499 677 1558 popularis
720 1504 946 1557 captatores
987 1499 1171 1557 quidam,
1214 1502 1283 1559 qui
1316 1503 1446 1559 ipsius
1476 1518 1553 1561 po-

165 1580 253 1639 puli
282 1578 422 1622 favore
453 1578 581 1621 adiuti
615 1593 810 1620 summam
842 1593 978 1620 rerum
1012 1578 1294 1637 adipiscuntur
1328 1580 1404 1637 (4).
1471 1580 1550 1631 Qui

167 1673 258 1703 cum
291 1657 393 1701 adeo
433 1658 641 1716 progressi
675 1658 774 1707 sint,
809 1663 856 1699 ut
884 1662 1016 1699 totum
1048 1658 1246 1715 populum
1267 1658 1318 1700 ad
1350 1658 1550 1702 conditio-

166 1753 258 1782 nem
291 1736 494 1781 servillem
542 1735 798 1795 redegerint,
832 1743 871 1778 et
904 1735 1092 1779 omnibus
1122 1736 1281 1795 legibus
1316 1740 1480 1781 mutatis
1516 1746 1555 1781 et

164 1818 370 1877 perversis
410 1816 524 1859 nullo
563 1815 686 1858 modo
729 1816 889 1857 limitati
920 1822 1116 1873 regnent,
1149 1818 1316 1874 tyranni
1350 1816 1554 1860 dicuntur.

168 1897 392 1955 Tyrannus
432 1897 556 1953 igitur
598 1896 685 1936 sine
723 1894 812 1952 lege
855 1896 1058 1936 civitatem
1106 1897 1232 1952 regit,
1282 1910 1416 1953 neque
1457 1912 1555 1939 vero

166 1977 262 2034 quia
292 1976 444 2018 virtute
474 1978 688 2033 praestans
721 1974 809 2031 ipse
839 1973 950 2031 leges
985 1975 1234 2016 constituere
1267 1975 1421 2032 possit,
1464 1978 1554 2033 qui-

165 2055 243 2097 bus
287 2055 460 2097 civitatis
515 2051 688 2095 felicitas
728 2051 987 2110 perficiatur,
1030 2053 1104 2095 sed
1147 2054 1240 2109 quia
1272 2052 1361 2110 lege
1406 2053 1553 2096 adstri—

167 2138 257 2177 ctus
288 2148 363 2176 sua
393 2131 604 2175 commoda
634 2133 775 2174 iuvare
807 2136 998 2189 nequeat.
1063 2131 1260 2188 Exempla
1284 2136 1554 2189 tyrannorum

168 2218 209 2256 et
239 2211 346 2256 facta
376 2212 475 2253 satis
505 2215 603 2253 nota
641 2216 750 2252 sunt.

288 2291 576 2341 Enarravimus
631 2288 781 2332 formas
835 2290 1041 2332 civitatum
1096 2287 1359 2339 Graecarum,
1413 2291 1553 2348 quales

168 2370 415 2417 Aristoteles
459 2369 670 2420 exhibuit,
715 2383 799 2412 non
841 2370 898 2411 ita
931 2367 1113 2426 quidem,
1154 2369 1214 2409 uti
1244 2369 1304 2409 rei
1337 2366 1557 2412 difficultas

170 2457 212 2493 et
248 2451 426 2508 gravitas
473 2448 732 2506 postulabat,
774 2448 847 2490 sed
879 2453 925 2489 ut
955 2447 1099 2496 finem,
1145 2448 1213 2502 qui
1260 2446 1475 2490 Aristoteli
1516 2451 1557 2490 in

264 2535 407 2581 (1)Ar.
442 2537 513 2579 pol.
548 2536 601 2572 ll..
639 2535 673 2576 9,
711 2534 747 2569 3.
806 2535 929 2566 Postea
964 2535 1155 2566 Kleontem
1188 2533 1350 2566 iudicum
1377 2532 1558 2575 stipendia

169 2599 311 2631 auxisse
338 2598 508 2639 traditur,
535 2597 606 2631 vid.
640 2596 787 2628 Boeckh
813 2594 1097 2626 Staatshaushalt
1132 2595 1194 2624 der
1218 2595 1376 2626 Athenet
1401 2596 1444 2637 I„
1474 2595 1556 2631 152.

267 2654 325 2702 (2)
352 2657 591 2691 Wachsmuih
616 2657 642 2688 1.
668 2656 694 2691 l,
721 2656 751 2696 1,
789 2654 824 2686 2.
852 2666 885 2695 p.
913 2653 1066 2686 66—68.

267 2716 322 2761 (3)
348 2720 407 2751 Ar.
435 2719 509 2760 pol,
536 2717 608 2759 lv„
634 2715 667 2758 4,
694 2715 727 2748 5.

269 2775 324 2827 (4)
351 2779 405 2813 ΙΙ).
432 2780 485 2821 V„
513 2778 546 2823 1,
573 2777 606 2816 7.
658 2776 800 2811 Similia
826 2776 927 2810 Plato
953 2778 997 2809 de
1025 2778 1210 2820 tyrannide
1237 2779 1442 2822 disputavit.
