<?xml version="1.0" encoding="UTF-8"?>
<!DOCTYPE html PUBLIC "-//W3C//DTD XHTML 1.0 Transitional//EN"
    "http://www.w3.org/TR/xhtml1/DTD/xhtml1-transitional.dtd">
<html xmlns="http://www.w3.org/1999/xhtml" xml:lang="en" lang="en">
 <head>
  <title>
</title>
<meta http-equiv="Content-Type" content="text/html;charset=utf-8" />
  <meta name='ocr-system' content='tesseract 3.04.00' />
  <meta name='ocr-capabilities' content='ocr_page ocr_carea ocr_par ocr_line ocrx_word'/>
</head>
<body>
  <div class='ocr_page' id='page_1' title='image "4737182_0059.png"; bbox 0 0 1799 3104; ppageno 0'>
   <div class='ocr_carea' id='block_1_1' title="bbox 1512 242 1578 293">
    <p class='ocr_par' dir='ltr' id='par_1_1' title="bbox 1512 242 1578 293">
     <span class='ocr_line' id='line_1_1' title="bbox 1512 242 1578 293; baseline -0.015 0"><span class='ocrx_word' id='word_1_1' title='bbox 1512 242 1578 293; x_wconf 79' lang='lat'><strong>51</strong></span> 
     </span>
    </p>
   </div>
   <div class='ocr_carea' id='block_1_2' title="bbox 197 385 1591 2484">
    <p class='ocr_par' dir='ltr' id='par_1_2' title="bbox 197 385 1591 2484">
     <span class='ocr_line' id='line_1_2' title="bbox 199 385 1581 444; baseline -0.001 -15"><span class='ocrx_word' id='word_1_2' title='bbox 199 401 292 429; x_wconf 89' lang='lat' dir='ltr'><strong>nem</strong></span> <span class='ocrx_word' id='word_1_3' title='bbox 326 387 529 443; x_wconf 87' lang='lat' dir='ltr'><strong>perveniri</strong></span> <span class='ocrx_word' id='word_1_4' title='bbox 579 394 767 444; x_wconf 82' lang='lat' dir='ltr'><strong>nequeat.</strong></span> <span class='ocrx_word' id='word_1_5' title='bbox 849 388 991 443; x_wconf 87' lang='lat' dir='ltr'><strong>Itaque</strong></span> <span class='ocrx_word' id='word_1_6' title='bbox 1034 387 1236 428; x_wconf 77' lang='lat' dir='ltr'><strong>civitatem</strong></span> <span class='ocrx_word' id='word_1_7' title='bbox 1286 385 1581 434; x_wconf 79' lang='lat' dir='ltr'><strong>Aristoteliam,</strong></span> 
     </span>
     <span class='ocr_line' id='line_1_3' title="bbox 201 462 1580 522; baseline 0.001 -17"><span class='ocrx_word' id='word_1_8' title='bbox 201 478 282 521; x_wconf 90' lang='lat' dir='ltr'><strong>qua</strong></span> <span class='ocrx_word' id='word_1_9' title='bbox 311 464 396 507; x_wconf 83' lang='lat' dir='ltr'><strong>vita</strong></span> <span class='ocrx_word' id='word_1_10' title='bbox 425 464 636 508; x_wconf 85' lang='lat' dir='ltr'><strong>hominum</strong></span> <span class='ocrx_word' id='word_1_11' title='bbox 669 464 944 516; x_wconf 79' lang='lat' dir='ltr'><strong>describatur,</strong></span> <span class='ocrx_word' id='word_1_12' title='bbox 986 462 1192 522; x_wconf 90' lang='lat' dir='ltr'><strong>quomodo</strong></span> <span class='ocrx_word' id='word_1_13' title='bbox 1233 464 1485 506; x_wconf 87' lang='lat' dir='ltr'><strong>instituenda</strong></span> <span class='ocrx_word' id='word_1_14' title='bbox 1515 466 1580 515; x_wconf 83' lang='lat' dir='ltr'><strong>sit,</strong></span> 
     </span>
     <span class='ocr_line' id='line_1_4' title="bbox 199 542 1581 601; baseline 0.001 -19"><span class='ocrx_word' id='word_1_15' title='bbox 199 547 247 583; x_wconf 88' lang='lat' dir='ltr'><strong>ut</strong></span> <span class='ocrx_word' id='word_1_16' title='bbox 277 543 401 584; x_wconf 89' lang='lat' dir='ltr'><strong>vitam</strong></span> <span class='ocrx_word' id='word_1_17' title='bbox 439 543 598 586; x_wconf 81' lang='lat' dir='ltr'><strong>beatam</strong></span> <span class='ocrx_word' id='word_1_18' title='bbox 638 543 979 601; x_wconf 86' lang='lat' dir='ltr'><strong>philosophorum</strong></span> <span class='ocrx_word' id='word_1_19' title='bbox 1020 542 1098 584; x_wconf 92' lang='lat' dir='ltr'><strong>sibi</strong></span> <span class='ocrx_word' id='word_1_20' title='bbox 1139 547 1397 599; x_wconf 72' lang='lat' dir='ltr'><strong>comparent,</strong></span> <span class='ocrx_word' id='word_1_21' title='bbox 1442 544 1581 599; x_wconf 88' lang='lat' dir='ltr'><strong>reipu-</strong></span> 
     </span>
     <span class='ocr_line' id='line_1_5' title="bbox 198 619 1581 680; baseline -0.001 -17"><span class='ocrx_word' id='word_1_22' title='bbox 198 619 326 663; x_wconf 92' lang='lat' dir='ltr'><strong>blicae</strong></span> <span class='ocrx_word' id='word_1_23' title='bbox 349 621 583 664; x_wconf 85' lang='lat' dir='ltr'><strong>Platonicae</strong></span> <span class='ocrx_word' id='word_1_24' title='bbox 615 622 732 678; x_wconf 88' lang='lat' dir='ltr'><strong>quasi</strong></span> <span class='ocrx_word' id='word_1_25' title='bbox 765 621 1106 680; x_wconf 79' lang='lat' dir='ltr'><strong>complementum</strong></span> <span class='ocrx_word' id='word_1_26' title='bbox 1137 635 1227 663; x_wconf 88' lang='lat' dir='ltr'><strong>esse</strong></span> <span class='ocrx_word' id='word_1_27' title='bbox 1269 619 1457 662; x_wconf 81' lang='lat' dir='ltr'><strong>dixerim.</strong></span> <span class='ocrx_word' id='word_1_28' title='bbox 1521 619 1581 662; x_wconf 89' lang='lat' dir='ltr'><strong>Eo</strong></span> 
     </span>
     <span class='ocr_line' id='line_1_6' title="bbox 199 698 1583 758; baseline -0.001 -16"><span class='ocrx_word' id='word_1_29' title='bbox 199 704 335 743; x_wconf 86' lang='lat' dir='ltr'><strong>tamen</strong></span> <span class='ocrx_word' id='word_1_30' title='bbox 369 699 490 743; x_wconf 89' lang='lat' dir='ltr'><strong>altius</strong></span> <span class='ocrx_word' id='word_1_31' title='bbox 523 699 696 742; x_wconf 89' lang='lat' dir='ltr'><strong>Platone</strong></span> <span class='ocrx_word' id='word_1_32' title='bbox 729 699 923 752; x_wconf 79' lang='lat' dir='ltr'><strong>escendit,</strong></span> <span class='ocrx_word' id='word_1_33' title='bbox 971 700 1082 758; x_wconf 92' lang='lat' dir='ltr'><strong>quod</strong></span> <span class='ocrx_word' id='word_1_34' title='bbox 1114 698 1237 743; x_wconf 91' lang='lat' dir='ltr'><strong>rebus</strong></span> <span class='ocrx_word' id='word_1_35' title='bbox 1280 698 1469 742; x_wconf 87' lang='lat' dir='ltr'><strong>humanis</strong></span> <span class='ocrx_word' id='word_1_36' title='bbox 1512 715 1583 740; x_wconf 82' lang='lat' dir='ltr'><strong>ve·</strong></span> 
     </span>
     <span class='ocr_line' id='line_1_7' title="bbox 198 777 1582 837; baseline 0 -16"><span class='ocrx_word' id='word_1_37' title='bbox 198 779 360 821; x_wconf 89' lang='lat' dir='ltr'><strong>ritatem</strong></span> <span class='ocrx_word' id='word_1_38' title='bbox 392 777 624 822; x_wconf 87' lang='lat' dir='ltr'><strong>vindicavit.</strong></span> <span class='ocrx_word' id='word_1_39' title='bbox 698 778 841 837; x_wconf 89' lang='lat' dir='ltr'><strong>Neque</strong></span> <span class='ocrx_word' id='word_1_40' title='bbox 885 781 991 821; x_wconf 90' lang='lat' dir='ltr'><strong>enim</strong></span> <span class='ocrx_word' id='word_1_41' title='bbox 1032 794 1122 821; x_wconf 91' lang='lat' dir='ltr'><strong>cum</strong></span> <span class='ocrx_word' id='word_1_42' title='bbox 1160 778 1333 821; x_wconf 88' lang='lat' dir='ltr'><strong>Platone</strong></span> <span class='ocrx_word' id='word_1_43' title='bbox 1364 794 1448 821; x_wconf 91' lang='lat' dir='ltr'><strong>non</strong></span> <span class='ocrx_word' id='word_1_44' title='bbox 1485 795 1582 821; x_wconf 90' lang='lat' dir='ltr'><strong>con-</strong></span> 
     </span>
     <span class='ocr_line' id='line_1_8' title="bbox 199 856 1579 916; baseline 0.001 -18"><span class='ocrx_word' id='word_1_45' title='bbox 199 858 336 907; x_wconf 83' lang='lat' dir='ltr'><strong>sentit,</strong></span> <span class='ocrx_word' id='word_1_46' title='bbox 370 871 461 902; x_wconf 86' lang='lat' dir='ltr'><strong>eum</strong></span> <span class='ocrx_word' id='word_1_47' title='bbox 489 856 695 900; x_wconf 91' lang='lat' dir='ltr'><strong>hominem</strong></span> <span class='ocrx_word' id='word_1_48' title='bbox 727 872 802 915; x_wconf 87' lang='lat' dir='ltr'><strong>per</strong></span> <span class='ocrx_word' id='word_1_49' title='bbox 834 873 878 900; x_wconf 92' lang='lat' dir='ltr'><strong>se</strong></span> <span class='ocrx_word' id='word_1_50' title='bbox 912 863 1100 916; x_wconf 84' lang='lat' dir='ltr'><strong>agentem</strong></span> <span class='ocrx_word' id='word_1_51' title='bbox 1130 862 1171 899; x_wconf 92' lang='lat' dir='ltr'><strong>et</strong></span> <span class='ocrx_word' id='word_1_52' title='bbox 1193 872 1268 899; x_wconf 89' lang='lat' dir='ltr'><strong>sua</strong></span> <span class='ocrx_word' id='word_1_53' title='bbox 1292 862 1452 899; x_wconf 87' lang='lat' dir='ltr'><strong>tantum</strong></span> <span class='ocrx_word' id='word_1_54' title='bbox 1470 872 1579 899; x_wconf 87' lang='lat' dir='ltr'><strong>eom-</strong></span> 
     </span>
     <span class='ocr_line' id='line_1_9' title="bbox 198 934 1581 994; baseline 0.001 -17"><span class='ocrx_word' id='word_1_55' title='bbox 198 934 320 978; x_wconf 84' lang='lat' dir='ltr'><strong>moda</strong></span> <span class='ocrx_word' id='word_1_56' title='bbox 351 939 604 993; x_wconf 87' lang='lat' dir='ltr'><strong>spectantem</strong></span> <span class='ocrx_word' id='word_1_57' title='bbox 626 936 727 978; x_wconf 90' lang='lat' dir='ltr'><strong>nihil</strong></span> <span class='ocrx_word' id='word_1_58' title='bbox 759 935 958 993; x_wconf 88' lang='lat' dir='ltr'><strong>proficere</strong></span> <span class='ocrx_word' id='word_1_59' title='bbox 981 951 1105 994; x_wconf 90' lang='lat' dir='ltr'><strong>posse</strong></span> <span class='ocrx_word' id='word_1_60' title='bbox 1124 935 1331 987; x_wconf 89' lang='lat' dir='ltr'><strong>iudicavit,</strong></span> <span class='ocrx_word' id='word_1_61' title='bbox 1362 935 1436 978; x_wconf 90' lang='lat' dir='ltr'><strong>sed</strong></span> <span class='ocrx_word' id='word_1_62' title='bbox 1453 941 1581 978; x_wconf 88' lang='lat' dir='ltr'><strong>totam</strong></span> 
     </span>
     <span class='ocr_line' id='line_1_10' title="bbox 197 1013 1580 1073; baseline 0 -17"><span class='ocrx_word' id='word_1_63' title='bbox 197 1013 415 1057; x_wconf 87' lang='lat' dir='ltr'><strong>humanam</strong></span> <span class='ocrx_word' id='word_1_64' title='bbox 459 1015 717 1064; x_wconf 87' lang='lat' dir='ltr'><strong>societatem,</strong></span> <span class='ocrx_word' id='word_1_65' title='bbox 761 1028 864 1071; x_wconf 88' lang='lat' dir='ltr'><strong>quae</strong></span> <span class='ocrx_word' id='word_1_66' title='bbox 892 1013 1182 1071; x_wconf 84' lang='lat' dir='ltr'><strong>rempublicam</strong></span> <span class='ocrx_word' id='word_1_67' title='bbox 1224 1017 1454 1073; x_wconf 82' lang='lat' dir='ltr'><strong>componit,</strong></span> <span class='ocrx_word' id='word_1_68' title='bbox 1490 1017 1580 1056; x_wconf 88' lang='lat' dir='ltr'><strong>vin-</strong></span> 
     </span>
     <span class='ocr_line' id='line_1_11' title="bbox 200 1091 1583 1150; baseline 0 -16"><span class='ocrx_word' id='word_1_69' title='bbox 200 1092 291 1136; x_wconf 90' lang='lat' dir='ltr'><strong>culo</strong></span> <span class='ocrx_word' id='word_1_70' title='bbox 332 1107 416 1135; x_wconf 89' lang='lat' dir='ltr'><strong>uno</strong></span> <span class='ocrx_word' id='word_1_71' title='bbox 466 1099 507 1134; x_wconf 91' lang='lat' dir='ltr'><strong>et</strong></span> <span class='ocrx_word' id='word_1_72' title='bbox 553 1091 816 1150; x_wconf 86' lang='lat' dir='ltr'><strong>inseparabili</strong></span> <span class='ocrx_word' id='word_1_73' title='bbox 857 1093 1068 1134; x_wconf 86' lang='lat' dir='ltr'><strong>continere</strong></span> <span class='ocrx_word' id='word_1_74' title='bbox 1115 1097 1307 1149; x_wconf 90' lang='lat' dir='ltr'><strong>oportere</strong></span> <span class='ocrx_word' id='word_1_75' title='bbox 1334 1091 1415 1146; x_wconf 82' lang='lat'>(1).</span> <span class='ocrx_word' id='word_1_76' title='bbox 1497 1092 1583 1135; x_wconf 86' lang='lat' dir='ltr'><strong>Sed</strong></span> 
     </span>
     <span class='ocr_line' id='line_1_12' title="bbox 199 1169 1585 1230; baseline 0.001 -17"><span class='ocrx_word' id='word_1_77' title='bbox 199 1172 335 1230; x_wconf 89' lang='lat' dir='ltr'><strong>ipsum</strong></span> <span class='ocrx_word' id='word_1_78' title='bbox 368 1170 448 1214; x_wconf 91' lang='lat' dir='ltr'><strong>hoc</strong></span> <span class='ocrx_word' id='word_1_79' title='bbox 479 1172 566 1214; x_wconf 89' lang='lat' dir='ltr'><strong>sine</strong></span> <span class='ocrx_word' id='word_1_80' title='bbox 601 1170 854 1229; x_wconf 83' lang='lat' dir='ltr'><strong>singulorum</strong></span> <span class='ocrx_word' id='word_1_81' title='bbox 880 1170 1093 1214; x_wconf 88' lang='lat' dir='ltr'><strong>hominum</strong></span> <span class='ocrx_word' id='word_1_82' title='bbox 1124 1169 1334 1221; x_wconf 86' lang='lat' dir='ltr'><strong>libertate,</strong></span> <span class='ocrx_word' id='word_1_83' title='bbox 1368 1173 1423 1213; x_wconf 90' lang='lat' dir='ltr'><strong>ita</strong></span> <span class='ocrx_word' id='word_1_84' title='bbox 1456 1178 1501 1214; x_wconf 89' lang='lat' dir='ltr'><strong>ut</strong></span> <span class='ocrx_word' id='word_1_85' title='bbox 1530 1187 1585 1214; x_wconf 81' lang='lat' dir='ltr'><strong>ex</strong></span> 
     </span>
     <span class='ocr_line' id='line_1_13' title="bbox 200 1248 1583 1307; baseline 0 -15"><span class='ocrx_word' id='word_1_86' title='bbox 200 1248 329 1292; x_wconf 88' lang='lat' dir='ltr'><strong>libero</strong></span> <span class='ocrx_word' id='word_1_87' title='bbox 359 1249 527 1292; x_wconf 86' lang='lat' dir='ltr'><strong>arbitrio</strong></span> <span class='ocrx_word' id='word_1_88' title='bbox 568 1264 689 1307; x_wconf 83' lang='lat' dir='ltr'><strong>agere</strong></span> <span class='ocrx_word' id='word_1_89' title='bbox 721 1251 903 1307; x_wconf 89' lang='lat' dir='ltr'><strong>possint,</strong></span> <span class='ocrx_word' id='word_1_90' title='bbox 948 1254 988 1291; x_wconf 93' lang='lat' dir='ltr'><strong>et</strong></span> <span class='ocrx_word' id='word_1_91' title='bbox 1019 1250 1096 1291; x_wconf 88' lang='lat' dir='ltr'><strong>nisi</strong></span> <span class='ocrx_word' id='word_1_92' title='bbox 1129 1250 1297 1307; x_wconf 88' lang='lat' dir='ltr'><strong>propria</strong></span> <span class='ocrx_word' id='word_1_93' title='bbox 1330 1251 1477 1307; x_wconf 87' lang='lat' dir='ltr'><strong>cuique</strong></span> <span class='ocrx_word' id='word_1_94' title='bbox 1510 1250 1583 1292; x_wconf 91' lang='lat' dir='ltr'><strong>bo-</strong></span> 
     </span>
     <span class='ocr_line' id='line_1_14' title="bbox 201 1326 1583 1385; baseline 0 -14"><span class='ocrx_word' id='word_1_95' title='bbox 201 1343 346 1372; x_wconf 88' lang='lat' dir='ltr'><strong>norum</strong></span> <span class='ocrx_word' id='word_1_96' title='bbox 377 1329 587 1385; x_wconf 86' lang='lat' dir='ltr'><strong>possessio</strong></span> <span class='ocrx_word' id='word_1_97' title='bbox 621 1343 815 1371; x_wconf 86' lang='lat' dir='ltr'><strong>concessa</strong></span> <span class='ocrx_word' id='word_1_98' title='bbox 837 1329 903 1378; x_wconf 82' lang='lat' dir='ltr'><strong>sit,</strong></span> <span class='ocrx_word' id='word_1_99' title='bbox 935 1326 1024 1369; x_wconf 89' lang='lat' dir='ltr'><strong>fieri</strong></span> <span class='ocrx_word' id='word_1_100' title='bbox 1056 1342 1178 1385; x_wconf 89' lang='lat' dir='ltr'><strong>posse</strong></span> <span class='ocrx_word' id='word_1_101' title='bbox 1198 1327 1446 1370; x_wconf 86' lang='lat' dir='ltr'><strong>Aristoteles</strong></span> <span class='ocrx_word' id='word_1_102' title='bbox 1463 1344 1583 1385; x_wconf 85' lang='lat' dir='ltr'><strong>prae-</strong></span> 
     </span>
     <span class='ocr_line' id='line_1_15' title="bbox 203 1405 1585 1465; baseline 0 -16"><span class='ocrx_word' id='word_1_103' title='bbox 203 1408 285 1449; x_wconf 91' lang='lat' dir='ltr'><strong>cise</strong></span> <span class='ocrx_word' id='word_1_104' title='bbox 315 1412 460 1465; x_wconf 78' lang='lat' dir='ltr'><strong>negat,</strong></span> <span class='ocrx_word' id='word_1_105' title='bbox 502 1412 542 1449; x_wconf 91' lang='lat' dir='ltr'><strong>et</strong></span> <span class='ocrx_word' id='word_1_106' title='bbox 583 1408 626 1449; x_wconf 88' lang='lat' dir='ltr'><strong>in</strong></span> <span class='ocrx_word' id='word_1_107' title='bbox 664 1406 740 1448; x_wconf 87' lang='lat' dir='ltr'><strong>hac</strong></span> <span class='ocrx_word' id='word_1_108' title='bbox 781 1405 944 1463; x_wconf 89' lang='lat' dir='ltr'><strong>quidem</strong></span> <span class='ocrx_word' id='word_1_109' title='bbox 987 1420 1031 1448; x_wconf 89' lang='lat' dir='ltr'><strong>re</strong></span> <span class='ocrx_word' id='word_1_110' title='bbox 1064 1421 1086 1448; x_wconf 87' lang='lat' dir='ltr'><strong>a</strong></span> <span class='ocrx_word' id='word_1_111' title='bbox 1116 1405 1289 1448; x_wconf 87' lang='lat' dir='ltr'><strong>Platone</strong></span> <span class='ocrx_word' id='word_1_112' title='bbox 1320 1405 1585 1449; x_wconf 86' lang='lat' dir='ltr'><strong>vehementer</strong></span> 
     </span>
     <span class='ocr_line' id='line_1_16' title="bbox 202 1483 1583 1543; baseline -0.001 -15"><span class='ocrx_word' id='word_1_113' title='bbox 202 1484 407 1543; x_wconf 84' lang='lat' dir='ltr'><strong>discrepat</strong></span> <span class='ocrx_word' id='word_1_114' title='bbox 424 1483 507 1536; x_wconf 82' lang='grc'>(2).</span> <span class='ocrx_word' id='word_1_115' title='bbox 572 1483 652 1534; x_wconf 88' lang='lat' dir='ltr'><strong>Qui</strong></span> <span class='ocrx_word' id='word_1_116' title='bbox 685 1500 776 1527; x_wconf 91' lang='lat' dir='ltr'><strong>cum</strong></span> <span class='ocrx_word' id='word_1_117' title='bbox 809 1486 851 1526; x_wconf 91' lang='lat' dir='ltr'><strong>in</strong></span> <span class='ocrx_word' id='word_1_118' title='bbox 886 1484 974 1527; x_wconf 86' lang='lat' dir='ltr'><strong>Una</strong></span> <span class='ocrx_word' id='word_1_119' title='bbox 1004 1490 1044 1526; x_wconf 90' lang='lat' dir='ltr'><strong>et</strong></span> <span class='ocrx_word' id='word_1_120' title='bbox 1078 1484 1266 1526; x_wconf 88' lang='lat' dir='ltr'><strong>absoluta</strong></span> <span class='ocrx_word' id='word_1_121' title='bbox 1294 1485 1459 1541; x_wconf 91' lang='lat' dir='ltr'><strong>quidem</strong></span> <span class='ocrx_word' id='word_1_122' title='bbox 1491 1486 1583 1528; x_wconf 91' lang='lat' dir='ltr'><strong>idea</strong></span> 
     </span>
     <span class='ocr_line' id='line_1_17' title="bbox 201 1560 1583 1621; baseline 0 -16"><span class='ocrx_word' id='word_1_123' title='bbox 201 1564 244 1605; x_wconf 91' lang='lat' dir='ltr'><strong>in</strong></span> <span class='ocrx_word' id='word_1_124' title='bbox 285 1564 448 1605; x_wconf 87' lang='lat' dir='ltr'><strong>civitate</strong></span> <span class='ocrx_word' id='word_1_125' title='bbox 488 1561 722 1619; x_wconf 84' lang='lat' dir='ltr'><strong>effingenda</strong></span> <span class='ocrx_word' id='word_1_126' title='bbox 763 1563 849 1604; x_wconf 93' lang='lat' dir='ltr'><strong>eius</strong></span> <span class='ocrx_word' id='word_1_127' title='bbox 889 1560 1125 1604; x_wconf 85' lang='lat' dir='ltr'><strong>felicitatem</strong></span> <span class='ocrx_word' id='word_1_128' title='bbox 1164 1563 1265 1619; x_wconf 91' lang='lat' dir='ltr'><strong>poni</strong></span> <span class='ocrx_word' id='word_1_129' title='bbox 1303 1562 1445 1613; x_wconf 88' lang='lat' dir='ltr'><strong>vellet,</strong></span> <span class='ocrx_word' id='word_1_130' title='bbox 1490 1565 1583 1621; x_wconf 88' lang='lat' dir='ltr'><strong>quia</strong></span> 
     </span>
     <span class='ocr_line' id='line_1_18' title="bbox 200 1639 1583 1699; baseline 0.001 -16"><span class='ocrx_word' id='word_1_131' title='bbox 200 1654 275 1699; x_wconf 87' lang='lat' dir='ltr'><strong>per</strong></span> <span class='ocrx_word' id='word_1_132' title='bbox 308 1654 395 1683; x_wconf 87' lang='lat' dir='ltr'><strong>eam</strong></span> <span class='ocrx_word' id='word_1_133' title='bbox 429 1639 555 1683; x_wconf 88' lang='lat' dir='ltr'><strong>solam</strong></span> <span class='ocrx_word' id='word_1_134' title='bbox 587 1653 845 1682; x_wconf 88' lang='lat' dir='ltr'><strong>cerneremus</strong></span> <span class='ocrx_word' id='word_1_135' title='bbox 888 1639 930 1681; x_wconf 94' lang='lat' dir='ltr'><strong>id</strong></span> <span class='ocrx_word' id='word_1_136' title='bbox 960 1639 1070 1696; x_wconf 82' lang='lat' dir='ltr'><strong>quod</strong></span> <span class='ocrx_word' id='word_1_137' title='bbox 1112 1654 1273 1697; x_wconf 86' lang='lat' dir='ltr'><strong>semper</strong></span> <span class='ocrx_word' id='word_1_138' title='bbox 1311 1647 1441 1691; x_wconf 90' lang='lat' dir='ltr'><strong>esset,</strong></span> <span class='ocrx_word' id='word_1_139' title='bbox 1486 1644 1583 1684; x_wconf 88' lang='lat' dir='ltr'><strong>sim-</strong></span> 
     </span>
     <span class='ocr_line' id='line_1_19' title="bbox 200 1716 1586 1778; baseline 0 -16"><span class='ocrx_word' id='word_1_140' title='bbox 200 1718 301 1778; x_wconf 83' lang='lat' dir='ltr'><strong>plex</strong></span> <span class='ocrx_word' id='word_1_141' title='bbox 332 1724 373 1761; x_wconf 90' lang='lat' dir='ltr'><strong>et</strong></span> <span class='ocrx_word' id='word_1_142' title='bbox 405 1719 528 1761; x_wconf 88' lang='lat' dir='ltr'><strong>unius</strong></span> <span class='ocrx_word' id='word_1_143' title='bbox 559 1716 672 1760; x_wconf 90' lang='lat' dir='ltr'><strong>modi</strong></span> <span class='ocrx_word' id='word_1_144' title='bbox 706 1723 747 1760; x_wconf 89' lang='lat' dir='ltr'><strong>et</strong></span> <span class='ocrx_word' id='word_1_145' title='bbox 778 1717 857 1759; x_wconf 88' lang='lat' dir='ltr'><strong>tale</strong></span> <span class='ocrx_word' id='word_1_146' title='bbox 891 1717 1009 1774; x_wconf 89' lang='lat' dir='ltr'><strong>quale</strong></span> <span class='ocrx_word' id='word_1_147' title='bbox 1041 1723 1170 1768; x_wconf 86' lang='lat' dir='ltr'><strong>esset,</strong></span> <span class='ocrx_word' id='word_1_148' title='bbox 1214 1719 1469 1777; x_wconf 82' lang='lat' dir='ltr'><strong>singulorum</strong></span> <span class='ocrx_word' id='word_1_149' title='bbox 1510 1720 1586 1762; x_wconf 91' lang='lat' dir='ltr'><strong>ho-</strong></span> 
     </span>
     <span class='ocr_line' id='line_1_20' title="bbox 200 1790 1588 1856; baseline 0 -15"><span class='ocrx_word' id='word_1_150' title='bbox 200 1798 355 1841; x_wconf 86' lang='lat' dir='ltr'><strong>minum</strong></span> <span class='ocrx_word' id='word_1_151' title='bbox 401 1795 548 1854; x_wconf 85' lang='lat' dir='ltr'><strong>agendi</strong></span> <span class='ocrx_word' id='word_1_152' title='bbox 592 1795 823 1839; x_wconf 89' lang='lat' dir='ltr'><strong>libertatem</strong></span> <span class='ocrx_word' id='word_1_153' title='bbox 882 1795 1099 1838; x_wconf 83' lang='lat' dir='ltr'><strong>admittere</strong></span> <span class='ocrx_word' id='word_1_154' title='bbox 1152 1790 1359 1854; x_wconf 89' lang='lat' dir='ltr'><strong>nequibat.</strong></span> <span class='ocrx_word' id='word_1_155' title='bbox 1449 1797 1588 1856; x_wconf 86' lang='lat' dir='ltr'><strong>Fingit</strong></span> 
     </span>
     <span class='ocr_line' id='line_1_21' title="bbox 204 1874 1587 1934; baseline 0.001 -15"><span class='ocrx_word' id='word_1_156' title='bbox 204 1877 312 1919; x_wconf 86' lang='lat' dir='ltr'><strong>enim</strong></span> <span class='ocrx_word' id='word_1_157' title='bbox 343 1880 479 1918; x_wconf 89' lang='lat' dir='ltr'><strong>mente</strong></span> <span class='ocrx_word' id='word_1_158' title='bbox 512 1875 717 1917; x_wconf 88' lang='lat' dir='ltr'><strong>societatis</strong></span> <span class='ocrx_word' id='word_1_159' title='bbox 749 1874 951 1917; x_wconf 87' lang='lat' dir='ltr'><strong>humanae</strong></span> <span class='ocrx_word' id='word_1_160' title='bbox 983 1875 1199 1933; x_wconf 78' lang='lat' dir='ltr'><strong>imaginem</strong></span> <span class='ocrx_word' id='word_1_161' title='bbox 1228 1880 1275 1917; x_wconf 92' lang='lat' dir='ltr'><strong>ut</strong></span> <span class='ocrx_word' id='word_1_162' title='bbox 1301 1874 1484 1919; x_wconf 88' lang='lat' dir='ltr'><strong>infinitae</strong></span> <span class='ocrx_word' id='word_1_163' title='bbox 1512 1893 1587 1934; x_wconf 86' lang='lat' dir='ltr'><strong>po-</strong></span> 
     </span>
     <span class='ocr_line' id='line_1_22' title="bbox 203 1952 1584 2010; baseline -0.001 -13"><span class='ocrx_word' id='word_1_164' title='bbox 203 1955 356 1997; x_wconf 85' lang='lat' dir='ltr'><strong>tentiae</strong></span> <span class='ocrx_word' id='word_1_165' title='bbox 387 1952 466 1995; x_wconf 90' lang='lat' dir='ltr'><strong>Dei</strong></span> <span class='ocrx_word' id='word_1_166' title='bbox 499 1954 615 2010; x_wconf 87' lang='lat' dir='ltr'><strong>quasi</strong></span> <span class='ocrx_word' id='word_1_167' title='bbox 647 1954 965 2002; x_wconf 81' lang='lat' dir='ltr'><strong>emanationem,</strong></span> <span class='ocrx_word' id='word_1_168' title='bbox 1008 1954 1050 1993; x_wconf 89' lang='lat' dir='ltr'><strong>in</strong></span> <span class='ocrx_word' id='word_1_169' title='bbox 1092 1967 1171 2010; x_wconf 86' lang='lat' dir='ltr'><strong>qua</strong></span> <span class='ocrx_word' id='word_1_170' title='bbox 1214 1952 1468 2010; x_wconf 82' lang='lat' dir='ltr'><strong>singulorum</strong></span> <span class='ocrx_word' id='word_1_171' title='bbox 1508 1954 1584 1996; x_wconf 88' lang='lat' dir='ltr'><strong>ho-</strong></span> 
     </span>
     <span class='ocr_line' id='line_1_23' title="bbox 203 2020 1584 2089; baseline 0.001 -14"><span class='ocrx_word' id='word_1_172' title='bbox 203 2020 358 2080; x_wconf 80' lang='lat' dir='ltr'><strong>minum</strong></span> <span class='ocrx_word' id='word_1_173' title='bbox 401 2033 595 2075; x_wconf 86' lang='lat' dir='ltr'><strong>virtutem</strong></span> <span class='ocrx_word' id='word_1_174' title='bbox 630 2046 678 2074; x_wconf 89' lang='lat' dir='ltr'><strong>eo</strong></span> <span class='ocrx_word' id='word_1_175' title='bbox 715 2036 903 2074; x_wconf 84' lang='lat' dir='ltr'><strong>constare</strong></span> <span class='ocrx_word' id='word_1_176' title='bbox 928 2030 1049 2079; x_wconf 89' lang='lat' dir='ltr'><strong>dicit,</strong></span> <span class='ocrx_word' id='word_1_177' title='bbox 1094 2037 1140 2073; x_wconf 90' lang='lat' dir='ltr'><strong>ut</strong></span> <span class='ocrx_word' id='word_1_178' title='bbox 1183 2045 1248 2073; x_wconf 88' lang='lat' dir='ltr'><strong>res</strong></span> <span class='ocrx_word' id='word_1_179' title='bbox 1278 2036 1418 2089; x_wconf 80' lang='lat' dir='ltr'><strong>gestae</strong></span> <span class='ocrx_word' id='word_1_180' title='bbox 1456 2048 1584 2076; x_wconf 87' lang='lat' dir='ltr'><strong>unum</strong></span> 
     </span>
     <span class='ocr_line' id='line_1_24' title="bbox 205 2107 1585 2168; baseline 0 -15"><span class='ocrx_word' id='word_1_181' title='bbox 205 2111 321 2168; x_wconf 86' lang='lat' dir='ltr'><strong>quasi</strong></span> <span class='ocrx_word' id='word_1_182' title='bbox 353 2108 587 2168; x_wconf 84' lang='lat' dir='ltr'><strong>symbolum</strong></span> <span class='ocrx_word' id='word_1_183' title='bbox 620 2111 723 2160; x_wconf 85' lang='lat' dir='ltr'><strong>sint,</strong></span> <span class='ocrx_word' id='word_1_184' title='bbox 764 2108 876 2167; x_wconf 91' lang='lat' dir='ltr'><strong>quod</strong></span> <span class='ocrx_word' id='word_1_185' title='bbox 908 2107 1220 2158; x_wconf 86' lang='lat' dir='ltr'><strong>abundantiam,</strong></span> <span class='ocrx_word' id='word_1_186' title='bbox 1251 2110 1483 2153; x_wconf 85' lang='lat' dir='ltr'><strong>universam</strong></span> <span class='ocrx_word' id='word_1_187' title='bbox 1517 2126 1585 2154; x_wconf 92' lang='lat' dir='ltr'><strong>co-</strong></span> 
     </span>
     <span class='ocr_line' id='line_1_25' title="bbox 205 2186 1587 2247; baseline 0 -15"><span class='ocrx_word' id='word_1_188' title='bbox 205 2191 313 2247; x_wconf 84' lang='lat' dir='ltr'><strong>piam</strong></span> <span class='ocrx_word' id='word_1_189' title='bbox 337 2190 523 2233; x_wconf 88' lang='lat' dir='ltr'><strong>internae</strong></span> <span class='ocrx_word' id='word_1_190' title='bbox 556 2190 705 2232; x_wconf 84' lang='lat' dir='ltr'><strong>mentis</strong></span> <span class='ocrx_word' id='word_1_191' title='bbox 736 2203 836 2246; x_wconf 86' lang='lat' dir='ltr'><strong>prae</strong></span> <span class='ocrx_word' id='word_1_192' title='bbox 865 2204 909 2230; x_wconf 88' lang='lat' dir='ltr'><strong>se</strong></span> <span class='ocrx_word' id='word_1_193' title='bbox 940 2187 1046 2230; x_wconf 85' lang='lat' dir='ltr'><strong>ferat</strong></span> <span class='ocrx_word' id='word_1_194' title='bbox 1070 2186 1154 2242; x_wconf 79' lang='lat'><strong>(3).</strong></span> <span class='ocrx_word' id='word_1_195' title='bbox 1218 2188 1360 2229; x_wconf 88' lang='lat' dir='ltr'><strong>Finem</strong></span> <span class='ocrx_word' id='word_1_196' title='bbox 1393 2204 1478 2232; x_wconf 88' lang='lat' dir='ltr'><strong>non</strong></span> <span class='ocrx_word' id='word_1_197' title='bbox 1510 2193 1587 2232; x_wconf 82' lang='lat' dir='ltr'><strong>ini-</strong></span> 
     </span>
     <span class='ocr_line' id='line_1_26' title="bbox 204 2265 1590 2314; baseline 0.001 -3"><span class='ocrx_word' id='word_1_198' title='bbox 204 2283 284 2312; x_wconf 89' lang='lat' dir='ltr'><strong>nus</strong></span> <span class='ocrx_word' id='word_1_199' title='bbox 315 2267 520 2314; x_wconf 88' lang='lat' dir='ltr'><strong>sublimen</strong></span> <span class='ocrx_word' id='word_1_200' title='bbox 546 2266 794 2311; x_wconf 89' lang='lat' dir='ltr'><strong>Aristoteles</strong></span> <span class='ocrx_word' id='word_1_201' title='bbox 828 2271 921 2308; x_wconf 90' lang='lat' dir='ltr'><strong>ante</strong></span> <span class='ocrx_word' id='word_1_202' title='bbox 946 2266 1086 2308; x_wconf 88' lang='lat' dir='ltr'><strong>oculos</strong></span> <span class='ocrx_word' id='word_1_203' title='bbox 1127 2265 1315 2308; x_wconf 89' lang='lat' dir='ltr'><strong>habebat.</strong></span> <span class='ocrx_word' id='word_1_204' title='bbox 1379 2267 1590 2312; x_wconf 87' lang='lat' dir='ltr'><strong>Probabat</strong></span> 
     </span>
     <span class='ocr_line' id='line_1_27' title="bbox 206 2344 1590 2403; baseline -0.001 -13"><span class='ocrx_word' id='word_1_205' title='bbox 206 2348 314 2391; x_wconf 88' lang='lat' dir='ltr'><strong>enim</strong></span> <span class='ocrx_word' id='word_1_206' title='bbox 343 2346 413 2389; x_wconf 88' lang='lat' dir='ltr'><strong>ille</strong></span> <span class='ocrx_word' id='word_1_207' title='bbox 454 2346 619 2403; x_wconf 89' lang='lat' dir='ltr'><strong>quidem</strong></span> <span class='ocrx_word' id='word_1_208' title='bbox 659 2345 843 2388; x_wconf 90' lang='lat' dir='ltr'><strong>Platonis</strong></span> <span class='ocrx_word' id='word_1_209' title='bbox 892 2344 1157 2394; x_wconf 88' lang='lat' dir='ltr'><strong>sententiam,</strong></span> <span class='ocrx_word' id='word_1_210' title='bbox 1206 2346 1356 2387; x_wconf 82' lang='lat' dir='ltr'><strong>mentis</strong></span> <span class='ocrx_word' id='word_1_211' title='bbox 1408 2354 1590 2389; x_wconf 85' lang='lat' dir='ltr'><strong>contem-</strong></span> 
     </span>
     <span class='ocr_line' id='line_1_28' title="bbox 205 2421 1591 2484; baseline 0 -16"><span class='ocrx_word' id='word_1_212' title='bbox 205 2425 357 2484; x_wconf 76' lang='lat' dir='ltr'><strong>plantis</strong></span> <span class='ocrx_word' id='word_1_213' title='bbox 402 2425 644 2475; x_wconf 88' lang='lat' dir='ltr'><strong>intuitione,</strong></span> <span class='ocrx_word' id='word_1_214' title='bbox 693 2424 845 2481; x_wconf 87' lang='lat' dir='ltr'><strong>quippe</strong></span> <span class='ocrx_word' id='word_1_215' title='bbox 885 2435 990 2479; x_wconf 90' lang='lat' dir='ltr'><strong>quae</strong></span> <span class='ocrx_word' id='word_1_216' title='bbox 1032 2421 1145 2465; x_wconf 86' lang='lat' dir='ltr'><strong>nulla</strong></span> <span class='ocrx_word' id='word_1_217' title='bbox 1175 2436 1220 2464; x_wconf 90' lang='lat' dir='ltr'><strong>re</strong></span> <span class='ocrx_word' id='word_1_218' title='bbox 1264 2422 1431 2467; x_wconf 87' lang='lat' dir='ltr'><strong>aliunde</strong></span> <span class='ocrx_word' id='word_1_219' title='bbox 1462 2427 1591 2483; x_wconf 85' lang='lat' dir='ltr'><strong>petita</strong></span> 
     </span>
    </p>
   </div>
   <div class='ocr_carea' id='block_1_3' title="bbox 207 2516 493 2525">
    <p class='ocr_par' dir='ltr' id='par_1_3' title="bbox 207 2516 493 2525">
     <span class='ocr_line' id='line_1_29' title="bbox 207 2516 493 2525; baseline 0 579"><span class='ocrx_word' id='word_1_220' title='bbox 207 2516 493 2525; x_wconf 95' lang='lat' dir='ltr'><strong> </strong></span> 
     </span>
    </p>
   </div>
   <div class='ocr_carea' id='block_1_4' title="bbox 302 2568 1588 2617">
    <p class='ocr_par' dir='ltr' id='par_1_4' title="bbox 302 2568 1588 2617">
     <span class='ocr_line' id='line_1_30' title="bbox 302 2568 1588 2617; baseline 0.001 -12"><span class='ocrx_word' id='word_1_221' title='bbox 302 2568 358 2617; x_wconf 87' lang='lat'><strong>(1)</strong></span> <span class='ocrx_word' id='word_1_222' title='bbox 382 2573 443 2607; x_wconf 79' lang='lat' dir='ltr'><strong>Ar.</strong></span> <span class='ocrx_word' id='word_1_223' title='bbox 469 2572 540 2616; x_wconf 76' lang='lat' dir='ltr'><strong>pol.</strong></span> <span class='ocrx_word' id='word_1_224' title='bbox 567 2572 596 2613; x_wconf 88' lang='lat'><strong>1,</strong></span> <span class='ocrx_word' id='word_1_225' title='bbox 619 2571 653 2613; x_wconf 89' lang='lat'><strong>1,</strong></span> <span class='ocrx_word' id='word_1_226' title='bbox 685 2569 743 2608; x_wconf 83' lang='lat'><strong>12.</strong></span> <span class='ocrx_word' id='word_1_227' title='bbox 770 2570 815 2606; x_wconf 79' lang='lat' dir='ltr'><strong>cl.</strong></span> <span class='ocrx_word' id='word_1_228' title='bbox 848 2570 884 2602; x_wconf 87' lang='lat' dir='ltr'><strong>C.</strong></span> <span class='ocrx_word' id='word_1_229' title='bbox 921 2569 979 2604; x_wconf 74' lang='lat' dir='ltr'><strong>Fr.</strong></span> <span class='ocrx_word' id='word_1_230' title='bbox 1008 2570 1192 2602; x_wconf 80' lang='lat' dir='ltr'><strong>Hermann</strong></span> <span class='ocrx_word' id='word_1_231' title='bbox 1225 2569 1588 2616; x_wconf 78' lang='lat' dir='ltr'><strong>Staatsalterthiimer,</strong></span> 
     </span>
    </p>
   </div>
   <div class='ocr_carea' id='block_1_5' title="bbox 201 2634 1323 2795">
    <p class='ocr_par' dir='ltr' id='par_1_5' title="bbox 201 2634 1323 2795">
     <span class='ocr_line' id='line_1_31' title="bbox 201 2634 428 2675; baseline -0.009 -8"><span class='ocrx_word' id='word_1_232' title='bbox 201 2644 237 2675; x_wconf 74' lang='lat'><strong>1).</strong></span> <span class='ocrx_word' id='word_1_233' title='bbox 257 2634 328 2668; x_wconf 87' lang='lat'><strong>118</strong></span> <span class='ocrx_word' id='word_1_234' title='bbox 351 2644 428 2675; x_wconf 77' lang='lat' dir='ltr'><strong>sqq.</strong></span> 
     </span>
     <span class='ocr_line' id='line_1_32' title="bbox 302 2691 677 2736; baseline 0 -11"><span class='ocrx_word' id='word_1_235' title='bbox 302 2692 357 2736; x_wconf 87' lang='lat'><strong>(2)</strong></span> <span class='ocrx_word' id='word_1_236' title='bbox 384 2693 445 2727; x_wconf 80' lang='lat' dir='ltr'><strong>Ar.</strong></span> <span class='ocrx_word' id='word_1_237' title='bbox 471 2693 545 2735; x_wconf 78' lang='lat' dir='ltr'><strong>pol.</strong></span> <span class='ocrx_word' id='word_1_238' title='bbox 571 2693 614 2734; x_wconf 89' lang='lat' dir='ltr'><strong>ll,</strong></span> <span class='ocrx_word' id='word_1_239' title='bbox 640 2691 677 2725; x_wconf 84' lang='grc'><strong>2.</strong></span> 
     </span>
     <span class='ocr_line' id='line_1_33' title="bbox 307 2750 1323 2795; baseline -0.001 -10"><span class='ocrx_word' id='word_1_240' title='bbox 307 2752 362 2795; x_wconf 81' lang='grc'><strong>(3)</strong></span> <span class='ocrx_word' id='word_1_241' title='bbox 390 2753 466 2785; x_wconf 81' lang='lat' dir='ltr'><strong>vid.</strong></span> <span class='ocrx_word' id='word_1_242' title='bbox 495 2756 649 2789; x_wconf 78' lang='lat' dir='ltr'><strong>annotat.</strong></span> <span class='ocrx_word' id='word_1_243' title='bbox 678 2751 721 2784; x_wconf 80' lang='lat' dir='ltr'><strong>de</strong></span> <span class='ocrx_word' id='word_1_244' title='bbox 748 2751 876 2783; x_wconf 77' lang='lat' dir='ltr'><strong>virtute</strong></span> <span class='ocrx_word' id='word_1_245' title='bbox 902 2750 1072 2792; x_wconf 77' lang='lat' dir='ltr'><strong>Platonis,</strong></span> <span class='ocrx_word' id='word_1_246' title='bbox 1098 2761 1130 2793; x_wconf 79' lang='lat' dir='ltr'><strong>p.</strong></span> <span class='ocrx_word' id='word_1_247' title='bbox 1158 2750 1217 2788; x_wconf 72' lang='lat'><strong>2⁵1.</strong></span> <span class='ocrx_word' id='word_1_248' title='bbox 1252 2762 1323 2793; x_wconf 86' lang='lat' dir='ltr'><strong>sqq.</strong></span> 
     </span>
    </p>
   </div>
   <div class='ocr_carea' id='block_1_6' title="bbox 1250 2806 1299 2852">
    <p class='ocr_par' dir='ltr' id='par_1_6' title="bbox 1250 2806 1299 2852">
     <span class='ocr_line' id='line_1_34' title="bbox 1250 2806 1299 2852; baseline 0 -27"><span class='ocrx_word' id='word_1_249' title='bbox 1250 2806 1299 2852; x_wconf 72' lang='lat'><strong>4.</strong></span> 
     </span>
    </p>
   </div>
  </div>
 </body>
</html>
