1799 3104
213 206 285 256 16

215 350 399 400 civitate3
433 348 611 405 denique
644 355 791 398 cetera.
827 362 929 404 quae
962 349 1079 391 Plato
1113 348 1360 406 disputavit,
1396 350 1599 407 quomodo

215 440 305 469 cum
341 440 388 468 ea
422 426 683 478 cohaereant,
713 427 854 484 paucis
888 425 1196 471 declarabimus.

333 504 426 562 Age
470 506 572 555 iam,
622 509 837 560 antequam
887 503 938 545 ad
985 507 1115 562 ipsam
1167 521 1251 547 rem
1302 506 1598 563 aggrediamur,

211 585 354 642 paucis
386 582 567 625 dicamus
601 596 705 638 quae
739 580 924 623 idearum
958 581 1182 635 doctrinae,
1219 599 1338 642 quam
1358 583 1477 625 Plato
1500 598 1597 641 pro-

209 663 363 719 posuit,
398 662 451 703 sit
482 661 612 702 virtus
647 674 692 701 ac
725 661 969 717 proprietas.
1034 660 1136 703 Nam
1170 668 1386 719 postquam
1410 660 1595 703 Heracli-

209 746 275 782 tus
317 738 367 782 de
417 754 554 781 rerum
602 743 748 780 natura
794 752 1015 796 earumque
1062 740 1169 781 inter
1217 756 1260 782 se
1303 755 1493 783 connexu
1540 741 1598 781 sic

210 819 434 875 quaesivit,
488 823 536 859 ut
576 832 697 873 quam
737 831 876 858 earum
920 822 1091 859 naturae
1132 820 1342 875 propriam
1388 833 1477 860 esse
1510 832 1595 859 cer-

208 896 334 938 nebat
371 900 614 953 perpetuam
654 896 946 945 mutationem,
996 910 1125 937 unum
1176 911 1221 937 ac
1270 911 1411 939 verum
1459 910 1594 938 rerum

209 988 298 1015 esse
329 975 578 1030 principium
619 977 842 1023 statueret-3
874 973 1140 1016 Parmenides
1159 989 1257 1016 vero
1286 977 1355 1025 sic,
1390 981 1437 1016 ut
1464 975 1594 1017 Unam

206 1051 378 1110 rigidam
412 1052 632 1093 essentiam
665 1050 789 1092 nullis
808 1049 952 1093 formis
987 1058 1058 1094 aut
1096 1052 1419 1111 proprietatibus
1451 1050 1594 1094 defini-

206 1139 288 1172 tam
319 1129 444 1171 rebus
477 1128 716 1178 vindicaret,
751 1143 856 1184 quae
887 1129 975 1170 sola
1004 1135 1141 1171 mente.
1176 1136 1286 1172 esset
1326 1129 1593 1187 comprehen-

207 1207 363 1250 denda:
393 1207 527 1257 Plato,
560 1208 719 1248 etiamsi
754 1205 806 1247 ad
836 1205 1124 1248 Parmenidem
1164 1210 1336 1264 propius
1381 1207 1592 1257 accedens,

205 1291 427 1344 utrumque
478 1290 636 1335 tamen,
680 1289 766 1326 tum
816 1289 1059 1343 perpetuam
1106 1284 1437 1337 fluctuationem,
1488 1299 1592 1344 quae

204 1365 354 1406 nullam
386 1364 508 1420 plane
542 1365 666 1404 unius
709 1363 882 1404 alicuius
924 1365 985 1404 rei
1029 1363 1264 1405 admitteret
1303 1366 1589 1420 cognitionem,

204 1450 292 1485 tum
324 1456 475 1484 meram
511 1439 761 1490 Essentiam‚
801 1454 882 1496 qua
924 1440 1062 1482 variae
1099 1455 1236 1483 rerum
1276 1439 1430 1483 formae
1470 1440 1591 1499 plane

204 1520 388 1561 sublatae
425 1523 575 1567 essent,
610 1533 633 1558 a
666 1532 763 1558 vera
795 1531 933 1558 rerum
965 1524 1111 1559 natura
1146 1519 1318 1560 alienam
1361 1533 1451 1560 esse
1496 1534 1590 1561 cen-

204 1599 286 1639 suit
304 1595 380 1654 (1).
444 1595 695 1654 Progressus
727 1596 852 1652 igitur
885 1600 946 1637 est
976 1594 1028 1637 ad
1052 1610 1138 1638 eam
1159 1597 1453 1653 quaestionem,
1487 1612 1590 1655 quae

204 1675 395 1718 omnibus
426 1673 682 1731 temporibus
729 1687 931 1714 summum
975 1673 1262 1730 philosophiae
1308 1674 1592 1732 argumentum

204 1754 376 1803 exstitit,
410 1753 638 1795 accuratius
672 1750 1004 1802 examinandam,
1049 1766 1247 1808 quaenam
1289 1754 1342 1794 sit
1380 1754 1484 1795 ratio
1525 1768 1591 1795 ea-

202 1847 294 1874 rum
322 1846 473 1880 rerum,
509 1845 608 1886 quas
639 1831 785 1871 mentis
803 1831 969 1871 notitias
994 1829 1200 1887 fingimus,
1235 1836 1275 1871 et
1304 1844 1456 1881 earum,
1491 1846 1591 1888 quas

203 1912 431 1952 exteriores
463 1910 524 1950 rei
557 1909 753 1964 imagines
775 1913 869 1949 ante
896 1908 1037 1949 oculos
1057 1909 1172 1950 nasci
1204 1907 1404 1950 videmus.
1470 1908 1591 1957 Quod

200 1992 423 2043 utrumque
456 1988 513 2028 sic
542 1985 617 2027 sibi
651 1986 860 2041 opposuit,
893 1990 941 2025 ut
968 1986 1010 2025 in
1042 1984 1225 2027 idearum
1264 1987 1494 2042 cognitione
1524 2001 1590 2029 so-

200 2065 279 2106 lam
310 2066 524 2106 veritatem
558 2064 734 2119 positam
765 2076 855 2103 esse
889 2060 1054 2103 doceret
1075 2061 1150 2118 (2).
1215 2062 1317 2104 Nam
1349 2062 1481 2106 ideam
1506 2079 1590 2107 non

201 2143 449 2184 exteriorem
481 2141 541 2183 rei
564 2139 737 2182 sormam
770 2138 965 2189 dicimus,
999 2139 1073 2182 sed
1097 2145 1315 2193 aeternam,
1350 2156 1470 2199 quain
1501 2144 1587 2185 ani-

200 2234 291 2261 mus
324 2225 477 2269 noster,
512 2217 787 2260 exterioribus
820 2217 975 2259 formae
1006 2221 1066 2259 rei
1097 2219 1284 2275 partibus
1315 2220 1437 2276 plane
1468 2234 1586 2276 sepa-

198 2299 312 2348 ratis,
347 2302 565 2340 contuetur
599 2297 690 2352 ejus
723 2302 924 2347 naturam,
960 2296 1090 2353 qualis
1123 2299 1253 2354 ipsius
1280 2295 1359 2338 Dei
1376 2296 1585 2340 voluntate

295 2460 349 2505 (1)
377 2461 504 2502 Cratyl.
531 2470 606 2502 pag.
634 2459 705 2493 439
732 2460 777 2495 Ι).
805 2460 846 2496 Ε.
874 2470 951 2502 pag.
979 2458 1053 2492 440
1077 2462 1118 2495 Α.

298 2520 352 2564 (2)
381 2522 493 2554 Locos
520 2521 645 2552 afferre
673 2521 716 2551 ad
743 2521 956 2562 probandam
984 2521 1142 2552 Platonis
1169 2520 1395 2562 sententiam,
1422 2522 1459 2553 in
1486 2522 1586 2554 Idea-

197 2591 277 2612 rum
304 2582 435 2612 intuitu
465 2591 605 2612 omnem
633 2591 752 2612 rerum
779 2582 1022 2623 cognitionem
1049 2580 1128 2620 niti,
1155 2581 1215 2610 vix
1242 2590 1328 2621 opus
1347 2586 1438 2620 erat3
1466 2592 1584 2622 neque.

198 2650 317 2680 causa,
345 2651 411 2680 qua
439 2646 633 2671 commotus
670 2641 770 2671 Plato
797 2641 958 2672 idearum
985 2640 1161 2671 mundum
1188 2640 1391 2680 proposuit,
1432 2651 1493 2672 nos
1528 2641 1583 2673 lu-

196 2701 279 2742 giet,
307 2709 426 2731 rerum
454 2709 543 2740 quae
570 2700 731 2731 sensibus
757 2700 987 2741 accipiuntur
1011 2699 1196 2733 fluctuatio
1223 2704 1257 2732 et
1282 2700 1513 2735 mutabilitas,
