1799 3104
1524 253 1592 301 33

207 413 310 456 quae
343 412 364 439 a
395 400 599 455 praesenti
631 413 768 441 rerum
803 397 1037 440 conditione
1078 401 1215 438 essent
1247 396 1474 454 depromta,
1509 410 1592 437 ma-

206 478 316 519 xime
355 475 555 520 bonorum
606 478 951 529 communionem,
996 491 1087 519 cum
1143 474 1345 517 bonorum
1382 476 1591 532 possessio

207 557 386 599 omnium
415 555 500 600 fere
536 557 733 600 bellorum
766 572 896 616 usque
936 556 987 599 ad
1020 555 1206 599 Platonis
1240 560 1422 612 tempora
1455 560 1593 612 gesto-

205 651 316 687 rum,
360 639 421 679 uti
452 637 810 694 Peloponnesiaci,
851 642 891 678 et
923 638 1104 679 omnium
1138 636 1391 677 internarum
1425 632 1594 675 seditio-

206 731 301 757 num
337 731 458 758 causa
487 717 618 774 prima
653 714 811 759 suisset.
873 714 1018 773 Neque
1050 720 1186 757 tamen
1219 713 1479 773 propositum
1521 711 1594 754 ha-

211 794 344 846 bebat,
366 796 465 837 certi
483 794 702 853 quidquam
721 795 796 837 hac
817 794 867 836 de
885 809 930 836 re
955 796 1219 836 constituere.
1252 792 1403 850 Negari
1426 790 1593 849 quidem

204 875 359 929 nequit,
392 874 606 915 Platonem
645 874 836 915 debuisse
875 875 1014 930 potius
1048 872 1297 916 Graecorum
1335 886 1419 913 rem
1453 871 1592 928 politi-

205 964 303 1000 cam,
331 950 373 991 id
403 950 514 1007 quod
540 950 803 993 Aristotelem
825 953 956 1008 egisse
992 950 1097 993 infra
1116 950 1360 1001 videbimus,
1396 949 1447 991 ad
1477 964 1590 991 suam

204 1026 336 1069 ideam
387 1028 604 1086 adaptare,
649 1043 768 1086 quam
810 1029 954 1071 ardore
997 1045 1092 1080 suo,
1134 1034 1181 1078 ut
1211 1028 1323 1071 ideas
1364 1044 1455 1071 cum
1489 1030 1589 1085 ipsis

202 1106 326 1150 rebus
369 1103 565 1150 conflaret
607 1113 646 1150 et
682 1106 755 1150 has
786 1106 837 1150 ad
868 1107 956 1150 illas
987 1109 1103 1166 quasi
1137 1107 1350 1160 eveheret,
1384 1123 1450 1151 res
1493 1122 1591 1166 pro-

202 1201 357 1244 ponere
398 1187 598 1229 eiusmodi
640 1189 809 1244 quaein
842 1187 1018 1229 humana
1052 1188 1217 1244 quidem
1249 1189 1442 1228 societate
1484 1186 1591 1228 effici

203 1265 315 1306 nullo
349 1265 471 1307 modo
508 1267 681 1323 possint.
755 1265 812 1308 At
850 1281 936 1308 rem
979 1265 1107 1308 multo
1151 1264 1355 1307 inferioris
1398 1266 1593 1307 momenti

203 1357 285 1385 non
314 1345 434 1385 nimis
465 1358 613 1402 urgere
644 1344 750 1387 licet.
1075 1325 1087 1333 .

324 1422 513 1480 Denique
533 1422 583 1465 de
604 1425 723 1466 tertio
758 1422 902 1465 ordine
918 1422 1201 1465 disserendum
1220 1428 1293 1473 est,
1329 1422 1379 1464 de
1398 1437 1478 1479 quo
1496 1437 1592 1480 per-

204 1515 335 1558 pauca
367 1501 651 1544 tantummodo
671 1502 789 1543 Plato
825 1502 921 1544 dicit
957 1507 997 1543 et
1031 1504 1146 1544 cuius
1177 1504 1219 1543 in
1246 1501 1448 1551 omnibns,
1486 1515 1590 1558 quae

206 1579 271 1621 hic.
302 1581 510 1636 proponit,
546 1581 743 1622 institutis
777 1579 927 1621 nullam
959 1578 1044 1621 fere
1077 1581 1326 1622 mentionem
1360 1579 1468 1622 fecit.
1515 1579 1591 1621 Est

203 1657 308 1698 enim
340 1656 471 1708 illius,
511 1659 646 1699 omnia
678 1672 783 1715 quae
811 1657 862 1699 ad
894 1657 1186 1715 rempublicam
1220 1657 1461 1700 servandam
1493 1672 1588 1716 per-

202 1736 333 1777 tinent
375 1741 414 1777 et
454 1751 519 1778 res
559 1736 611 1777 ad
641 1737 765 1778 vitam
798 1736 1009 1778 hominum
1052 1738 1303 1778 necessarias
1351 1751 1586 1793 procurare,

204 1812 337 1870 adque
377 1828 423 1855 ea
464 1828 611 1872 opera,
647 1829 752 1871 quae
784 1822 1003 1872 regnantes
1039 1829 1092 1856 ex
1126 1816 1163 1856 vi
1212 1816 1359 1856 mentis
1399 1816 1591 1856 creatrice

203 1894 512 1950 excogitarunt,
557 1898 598 1935 et
644 1908 747 1949 quae
782 1892 998 1935 custodum
1032 1899 1095 1935 est
1126 1895 1165 1934 vi
1199 1892 1346 1951 agendi
1378 1893 1589 1950 perficere,

203 1970 355 2013 auxilia
374 1977 415 2013 et
439 1986 537 2030 opes
563 1970 660 2013 dare
681 1970 756 2028 (1).
822 1971 974 2014 lnvitus
993 1973 1109 2029 quasi
1126 1987 1201 2014 nec
1231 1973 1310 2014 nisi
1342 1973 1588 2014 necessitate

203 2055 379 2101 coactus,
414 2052 509 2108 quia
527 2050 757 2109 respublica
787 2051 854 2093 illo
892 2051 1035 2094 ordine
1069 2066 1205 2093 carere
1239 2066 1321 2093 non
1355 2056 1506 2109 potest,
1541 2051 1590 2093 de

203 2144 250 2171 eo
283 2129 489 2187 loquitur,
533 2145 624 2173 cum
666 2145 860 2173 sensuum
891 2130 1055 2173 licentia
1079 2136 1120 2172 et
1152 2144 1314 2180 eorum,
1356 2145 1460 2187 quae
1493 2129 1589 2172 inde

201 2207 435 2251 hominibus
467 2208 623 2259 fluunt,
657 2210 849 2252 vitiorum
881 2209 1164 2266 malorumque
1196 2210 1390 2250 memoria
1422 2211 1587 2268 ingenio

200 2286 436 2346 philosophi
488 2287 537 2330 de
582 2302 764 2338 summo,
810 2287 922 2345 quod
955 2289 1063 2330 omni
1105 2287 1307 2330 humanae
1350 2290 1587 2347 cognitioni,

202 2366 313 2423 quod
343 2367 513 2425 singulis
532 2366 765 2409 hominibus
799 2371 838 2408 et
861 2365 984 2408 rebus
1008 2365 1182 2423 publicis
1215 2381 1444 2420 commune,
1475 2370 1589 2426 prin-

203 2447 307 2504 cipio
342 2447 554 2504 quaerenti
594 2447 768 2488 maxime
801 2444 1052 2488 adversetur.
1116 2443 1262 2504 Neque
1294 2461 1392 2490 vero
1434 2446 1588 2490 referre

202 2527 277 2576 ait,
326 2541 453 2569 unum
496 2526 559 2568 vel
599 2526 737 2584 plures
788 2526 961 2568 istorum
1006 2526 1218 2569 hominum
1271 2543 1293 2568 a
1332 2529 1585 2585 praescripto

203 2641 335 2649 ——*

299 2713 355 2760 (l)
383 2719 427 2754 cf.
455 2718 497 2750 de.
525 2729 593 2759 rep.
624 2717 707 2758 vm,
735 2728 766 2759 p,
795 2715 871 2749 657
900 2719 935 2749 C.
971 2718 1014 2755 D,
1044 2719 1082 2758 V,
1117 2728 1150 2759 p.
1179 2716 1251 2749 -162
1286 2718 1326 2755 B,
1353 2719 1415 2753 cll.
1444 2719 1485 2750 «le
1514 2719 1582 2759 leg.

203 2775 289 2816 vm,
317 2787 346 2818 p.
375 2778 459 2815 846.
