1799 3104
176 245 245 298 12

176 386 289 429 istud
323 387 534 443 exemplar
564 387 837 445 imperabunt.
902 387 1047 447 Neque
1081 389 1206 446 igitur
1239 402 1292 443 ex
1324 393 1460 431 mente
1473 388 1566 446 phi-

174 465 389 523 losophiae
405 464 642 508 Platonicae
670 467 894 524 potuimUS‚
930 470 1029 526 quin
1045 435 1324 526 profiteffir,
1353 467 1567 510 Platonem

175 547 217 586 in
257 543 323 586 his
364 543 479 586 libris
512 546 555 586 in
595 544 688 586 idea
717 544 837 595 boni,
876 547 1031 605 quippe
1064 561 1168 605 quae
1200 544 1294 588 sons
1335 546 1389 588 sit
1421 544 1569 605 agendi

178 627 219 665 et
246 624 458 673 virtutum,
494 637 636 665 verum
677 622 992 666 fundamentum
1024 625 1275 682 reipublicae
1315 626 1521 682 posuisse.

298 700 414 749 Quae
445 715 543 742 vero
575 702 628 742 sit
659 702 764 743 ratio
789 701 1128 760 philosophandi,
1161 718 1281 760 quam
1313 704 1376 745 uti
1406 704 1449 744 in
1482 717 1569 744 om-

175 780 297 822 nibus
326 777 414 821 fere
447 780 624 837 scriptis,
656 781 711 821 ita
743 778 810 821 hic
840 782 1016 822 maxime
1052 782 1251 837 sequitur,
1279 782 1344 823 his
1377 780 1568 831 declarat,

177 872 338 900 omncm
378 857 704 915 philosophiam,
756 872 860 914 quae
903 857 1067 900 studeat
1107 861 1151 900 τὸ
1190 856 1312 908 ὅντως
1359 856 1424 909 ὅν,
1467 860 1492 901 i.
1534 873 1568 900 e.

176 938 309 994 ipsam
341 938 555 978 veritatem
597 938 824 993 inspicere,
866 936 1071 993 proficisci
1113 936 1162 979 ab
1188 937 1435 994 hypothesi,
1487 951 1570 979 non

174 1020 311 1056 tamen
342 1015 412 1065 ita,
446 1020 494 1055 ut
528 1028 616 1055 eam
647 1015 898 1072 principium
931 1016 1167 1066 constituat,
1194 1030 1335 1058 verum
1370 1015 1420 1057 de
1452 1016 1569 1057 initio

175 1097 345 1150 quaerat
376 1097 416 1134 et
439 1093 481 1133 in
501 1093 602 1149 ipsis
637 1091 803 1134 demum
834 1092 938 1135 ideis
957 1091 1276 1150 acquiescat(1).
1348 1092 1461 1142 Quae
1491 1092 1570 1150 hy-

174 1170 361 1228 pothesis
394 1171 551 1212 iustitia
586 1175 668 1220 est,
711 1185 869 1212 summa
899 1172 1031 1213 virtus
1064 1170 1192 1227 hujus
1230 1173 1349 1222 vitae,
1392 1173 1482 1228 ipsa
1515 1172 1570 1213 ci-

174 1250 314 1291 vitatis
350 1250 510 1306 speeies
549 1254 733 1290 externa.
809 1247 979 1291 Summa
1011 1247 1142 1299 idea,
1175 1263 1255 1305 qua
1305 1251 1466 1291 interna
1508 1251 1570 1291 vis

175 1328 350 1369 civitatis
383 1331 577 1385 apparet,
614 1325 708 1368 idea
739 1325 836 1369 boni
871 1331 955 1377 est,
996 1341 1101 1383 quae
1133 1326 1364 1369 absolutam
1396 1328 1571 1368 civitatis

172 1404 402 1454 Unitatem,
448 1404 720 1446 humanarum
764 1418 903 1445 rerum
942 1418 1034 1445 cum
1077 1402 1225 1445 divinis
1257 1403 1571 1461 inseparabilem

175 1483 508 1525 coniunctionem
552 1479 800 1523 manifestat.
874 1481 1100 1538 Postquam
1142 1485 1279 1523 autem
1325 1480 1435 1522 illam
1472 1481 1571 1524 boni

173 1559 308 1602 ideam
349 1559 592 1609 illustravit,
639 1560 848 1609 civitates,
895 1558 1036 1615 quales
1076 1573 1150 1600 suo
1192 1564 1381 1616 tempore
1416 1564 1457 1601 et
1489 1561 1569 1601 iam

174 1644 293 1681 antea
326 1636 516 1688 fuerunt,
553 1651 644 1679 cum
674 1636 743 1679 illa
774 1635 886 1687 Una,
932 1651 1051 1693 quam
1096 1636 1173 1679 sibi
1214 1642 1352 1679 mente
1396 1635 1567 1695 effingit,

174 1718 338 1759 civitate
374 1720 594 1772 comparat.
658 1714 747 1756 Hae
779 1716 886 1756 enim
918 1714 1020 1756 nihil
1054 1719 1151 1756 sunt
1181 1716 1261 1756 nisi
1292 1712 1569 1771 παρεκβάσεις,

174 1794 276 1838 nihil
309 1798 405 1836 sunt
435 1794 516 1835 nisi
549 1790 755 1847 μιμήσεις,
801 1792 949 1849 quibus
990 1806 1094 1849 quae
1133 1794 1287 1834 veritas
1320 1794 1431 1843 insit,
1463 1792 1568 1835 libro

174 1871 273 1914 VIII
306 1876 346 1913 et
377 1869 439 1913 IX
484 1870 740 1928 explanatur.
814 1868 1149 1912 Institutionibus
1182 1874 1340 1921 autem,
1384 1885 1489 1927 quae
1527 1872 1569 1913 in

176 1949 347 1993 Graecia
379 1955 467 1992 tum
499 1949 699 2006 temporis
742 1953 782 1990 et
812 1954 906 1990 ante
945 1948 1276 1999 inveniebantur,
1319 1949 1399 1989 iam
1429 1948 1570 2005 perlu-

175 2030 327 2079 stratis,
363 2030 397 2069 si
436 2027 555 2069 Plato
603 2028 719 2083 operi
768 2026 970 2069 voluisset
1020 2026 1142 2068 finem
1191 2028 1425 2084 imponere,
1469 2026 1571 2068 nihil

175 2106 286 2149 foret
309 2104 422 2164 quod
444 2104 519 2146 tibi
548 2119 632 2146 non
667 2103 932 2147 satisfaceret.
997 2103 1101 2146 Nam
1135 2103 1246 2160 quod
1272 2103 1324 2145 ad
1357 2109 1570 2147 externam

176 2183 349 2226 formam
383 2184 542 2233 attinet,
576 2183 712 2223 omnia
746 2196 849 2239 quae
883 2181 935 2223 ad
975 2182 1257 2239 quaestionem
1291 2181 1496 2239 politicam
1530 2189 1571 2226 et

176 2261 506 2320 philosophicam
539 2260 777 2303 solvendam
810 2259 983 2302 dicenda
1022 2264 1160 2310 erant,
1203 2259 1434 2301 luculenter
1475 2265 1570 2301 sunt

179 2340 383 2397 exposita.
471 2337 526 2381 Ut
584 2339 767 2380 omittam
832 2352 920 2380 rem
977 2335 1075 2381 satis
1129 2342 1290 2387 notam,
1355 2336 1569 2381 Platonem

174 2418 421 2476 plerumque
451 2415 574 2458 finem
608 2417 782 2473 alicujus
814 2416 908 2458 libri
941 2416 1093 2458 diserte
1125 2415 1367 2465 declarasse,
1397 2429 1568 2458 monen-

177 2495 288 2546 dum,
323 2495 403 2537 nisi
436 2495 479 2535 in
510 2494 588 2536 hoc
622 2508 747 2551 opere
778 2496 959 2537 omnium
991 2492 1318 2552 praeclarissimo
1350 2492 1471 2550 plane
1504 2496 1567 2536 in-

179 2572 301 2629 digne
333 2572 586 2630 philosopho
619 2587 740 2630 agere
773 2572 985 2624 voluisset,
1020 2571 1222 2613 decimum
1242 2569 1391 2612 librum
1416 2570 1568 2614 addere

178 2649 385 2698 debuisse,
395 2665 470 2716 2¹2
492 2666 576 2707 quo
607 2655 736 2693 totam
766 2652 848 2693 vim
881 2650 1081 2694 infinitam
1101 2650 1413 2700 sententiarum,
1448 2665 1567 2706 quam

275 2738 330 2787 (l)
356 2741 408 2778 ib.
434 2741 493 2783 VI,
519 2752 555 2783 1».
581 2740 652 2776 511
678 2742 720 2777 Β.
