1799 3104
213 247 284 302 48

448 516 496 559 Β.
562 517 684 559 Idea
717 518 956 560 civitatis
989 517 1365 560 Aristoteliae.

334 626 417 669 Iam
450 641 526 669 nos
559 631 845 669 convertamus
873 626 926 669 ad
948 629 1077 685 ipsam
1116 625 1408 685 rempublicam
1438 626 1602 672 Aristo·

213 706 303 747 telis
336 705 517 747 breviter
556 704 861 754 illustrandam,
907 711 948 746 et
987 707 1045 747 sic
1086 705 1252 763 quidem
1285 710 1333 748 ut
1363 704 1601 748 Platonicae

212 785 414 826 rationem
445 782 681 826 habeamus.
746 783 839 841 Ipsa
878 788 1046 835 natura,
1090 785 1132 826 in
1164 798 1245 841 qua
1275 784 1398 827 homo
1431 785 1533 827 vivit
1562 789 1603 827 et

213 864 330 905 cuius
364 868 428 905 est
457 864 677 922 particePS‚
715 862 1004 905 documentum
1039 868 1119 914 est,
1150 876 1292 905 omnes
1333 878 1423 916 res,
1467 864 1603 906 omnia

213 941 412 993 animalia,
448 956 590 983 omnes
624 940 801 998 denique
833 941 1019 984 homines
1052 948 1093 984 et
1133 943 1307 984 invicem
1339 941 1391 985 ad
1422 957 1467 985 se
1497 942 1603 985 rela-

213 1027 276 1062 tos
312 1035 425 1070 esse,
461 1025 501 1061 et
540 1021 628 1061 sine
670 1019 805 1076 aliqua
845 1021 952 1062 inter
993 1035 1037 1062 se
1077 1022 1366 1063 coniunctione
1392 1020 1494 1063 nihil
1532 1036 1603 1062 va-

211 1099 296 1141 lere
316 1096 391 1155 (1)
466 1096 654 1140 Hominis
704 1112 801 1140 vero
852 1104 913 1140 est
957 1114 1040 1141 non
1080 1097 1202 1142 modo
1251 1114 1341 1142 esse
1371 1104 1421 1142 et
1449 1101 1601 1150 vivere,

213 1177 287 1220 sed
313 1177 419 1220 bene
465 1182 504 1218 et
547 1175 721 1219 feliciter
761 1178 911 1219 vivere.
987 1176 1088 1228 Cum
1132 1183 1267 1220 tamen
1301 1192 1383 1236 .pe1·
1416 1192 1459 1220 se
1490 1177 1603 1221 solus

215 1256 264 1299 ad
296 1256 408 1299 hunc
440 1255 564 1299 finem
580 1257 797 1315 pervenire
814 1261 1004 1314 nequeat,
1039 1255 1211 1299 aliorum
1236 1256 1405 1308 auxilio,
1439 1257 1604 1300 omnino

215 1338 422 1386 societate,
455 1350 535 1393 qua
566 1334 755 1378 homines
788 1336 1108 1394 coniungantur,
1142 1350 1247 1394 opus
1279 1341 1354 1388 est,
1385 1339 1434 1379 ut
1463 1339 1607 1379 mutua

213 1431 292 1474 ope
328 1429 470 1458 omnes
498 1414 605 1457 bene
633 1416 786 1457 vivant.
851 1414 910 1457 At
940 1416 1152 1472 quaeritur
1179 1414 1280 1472 quid
1320 1417 1374 1458 sit
1404 1415 1509 1458 bene
1542 1416 1605 1457 vi-

211 1509 321 1537 vere.
384 1492 589 1536 Nimirum
620 1507 704 1535 non
737 1492 779 1535 id
808 1492 1056 1535 Aristoteles
1090 1492 1197 1545 vult,
1231 1499 1279 1536 ut
1318 1508 1393 1536 sua
1431 1495 1604 1551 quisque

213 1573 263 1615 ad
296 1574 420 1615 vitam
454 1570 765 1614 sustentandam
808 1570 957 1614 habeat
979 1577 1142 1629 parata,
1185 1571 1250 1613 vel
1282 1576 1496 1614 utcontra
1527 1571 1605 1614 ho-

212 1656 295 1694 stes
329 1656 370 1693 et
408 1650 594 1692 inimicos
634 1650 808 1693 invicem
850 1664 926 1692 nos
960 1654 1168 1702 tueamur,
1219 1649 1293 1693 sed
1331 1649 1411 1693 hoe
1448 1651 1601 1709 potum,

211 1736 258 1772 ut
291 1731 437 1772 summi
467 1729 567 1772 boni
607 1730 828 1786 participes
870 1729 1095 1770 existamus
1113 1727 1190 1785 (2).
1262 1727 1367 1771 Nam
1406 1730 1469 1771 uti
1499 1743 1603 1771 una-

213 1822 401 1867 quaeque
448 1821 515 1849 res
554 1808 768 1865 propritun
817 1821 937 1850 suum
983 1806 1137 1851 bonum
1178 1821 1252 1850 seu
1302 1805 1426 1851 finem
1464 1807 1601 1859 habet,

214 1903 295 1946 quo
327 1887 420 1930 talis
449 1900 584 1944 neque
614 1885 692 1927 alia
726 1891 809 1937 est3
853 1887 909 1928 ita
948 1886 1120 1946 singulis
1159 1900 1324 1946 quoque
1365 1886 1601 1930 hominibus

213 1973 253 2010 et
285 1968 437 2010 civitati
471 1980 672 2008 summum
716 1964 870 2008 bonum
903 1970 1060 2017 exstat,
1102 1965 1216 2023 quod
1246 1980 1448 2008 summum
1480 1965 1602 2008 finem

212 2047 291 2089 sibi
332 2043 616 2102 attingendum
657 2045 914 2094 existimant,
964 2042 1135 2086 felicitas
1156 2041 1231 2101 (3).
1309 2042 1370 2085 Ea
1416 2058 1513 2086 vero
1563 2048 1604 2087 et

214 2124 386 2183 singulis
419 2121 656 2166 hominibus
691 2126 730 2163 et
762 2123 980 2164 universae
1012 2122 1223 2164 hominum
1266 2123 1452 2165 societati
1481 2136 1601 2181 prae-

212 2204 346 2255 betur,
379 2204 413 2245 si
446 2216 522 2261 pro
555 2216 628 2244 sua
651 2202 825 2259 quisque
866 2205 1032 2252 natura,
1068 2215 1159 2244 cum
1192 2202 1296 2261 agit,
1339 2201 1449 2245 hunc
1479 2200 1603 2245 finem

213 2297 375 2341 semper
408 2287 502 2325 ante
535 2280 677 2324 oculos
709 2280 835 2323 habet
874 2287 915 2324 et
947 2296 1065 2339 quam
1097 2283 1275 2324 maxime
1309 2280 1506 2336 declarat,
1537 2280 1603 2323 vel

213 2364 247 2405 si
281 2363 365 2420 agit
396 2376 449 2404 ex
480 2361 643 2403 virtutis
675 2375 749 2403 seu
782 2362 929 2403 summi
944 2375 1103 2404 morum
1126 2361 1318 2419 principii
1336 2360 1496 2402 ratione
1513 2357 1601 2417 (4).

210 2441 352 2499 Magni
395 2444 529 2482 autem
571 2442 766 2482 momenti
811 2446 907 2482 sunt
948 2455 1052 2497 quae
1095 2439 1192 2485 dicit
1232 2441 1426 2481 virtutem
1455 2437 1507 2481 ad
1537 2444 1601 2482 to·-

309 2587 364 2632 (1)
389 2590 451 2624 Ar,
476 2588 549 2631 pol.
575 2588 604 2629 Ι,
632 2588 665 2630 1,
691 2587 727 2623 4.

312 2648 366 2692 (2)
393 2650 442 2686 ib,
470 2650 498 2691 1,
527 2649 559 2690 1,
585 2649 621 2684 8.
647 2647 683 2690 3,
713 2649 769 2683 19.
796 2649 869 2689 ΙΙΙ.,
895 2647 929 2689 5,
958 2648 1005 2681 13
1031 2654 1065 2680 et
1093 2647 1152 2681 14.

313 2706 367 2752 (3)
394 2710 465 2743 eth.
490 2710 569 2745 Nic,
596 2711 661 2751 in.,
686 2710 758 2751 pol.
786 2707 838 2744 in.

312 2767 366 2813 (4)
395 2770 465 2801 elh.
479 2769 558 2803 Nic.
586 2770 614 2809 1,
643 2769 676 2809 7,
704 2768 751 2802 14
777 2775 812 2801 et
826 2767 873 2801 15
900 2765 1190 2812 (e‹l.Micl¹elet).
1218 2768 1279 2805 cll,
1298 2766 1325 2809 l,
1352 2766 1386 2809 4,
1412 2767 1446 2808 2,
1460 2768 1508 2812 X,
1521 2768 1555 2811 7,
1568 2770 1599 2806 l.
