1799 3104
1500 286 1568 335 49

187 436 268 473 tam
299 430 423 471 vitam
463 430 683 487 pertinere,
719 442 770 469 ne
788 430 878 485 quis
910 426 1154 478 crediderit,
1190 430 1254 486 agi
1285 428 1364 471 hoc
1395 428 1486 471 loco
1519 428 1569 470 de

186 506 355 565 singulis
388 507 631 565 quibusdam
672 505 905 548 virtutibus.
979 504 1082 546 Nam
1123 504 1216 546 finis
1263 521 1345 548 non
1389 513 1452 549 est
1484 505 1570 549 for-

184 586 331 630 tuitum
365 585 596 644 quoddam,
640 582 714 626 sed
744 584 826 625 vim
866 582 990 626 habet
1032 588 1238 625 aeternam
1281 588 1320 625 et
1361 586 1401 626 in
1442 591 1569 627 semet

165 663 274 723 'ipsa
310 664 556 709 conclusam.
630 662 678 705 In
716 677 764 705 eo
808 677 905 705 vero
946 663 1092 705 nititur
1138 663 1354 705 universae
1405 663 1567 705 virtutis

179 729 300 786 ¹notio
332 756 407 785 seu
439 756 597 784 summa
636 740 746 783 illius
787 740 899 798 quod
942 742 1189 799 principium
1220 740 1373 783 morale
1414 756 1570 799 propo-

187 823 282 872 suit,
314 819 426 878 quod
456 819 520 862 his
553 819 688 863 verbis
723 818 913 862 exhibet:
947 818 1051 861 ἔστιν
1090 816 1169 874 ἄρα
1200 818 1224 873 ἦ
1256 818 1373 875 ἀρετὴ
1405 819 1483 870 ἕξις
1496 819 1572 876 (1)

187 898 443 956 προαιρετικὴ
476 903 517 941 ἐν
536 895 720 954 μεσότητι
752 893 853 940 οὖσα
883 902 929 952 τῇ
959 896 1056 953 πρὸς
1087 896 1201 952 ἡμᾶς,
1233 896 1418 954 ὁρισμένῃ
1459 895 1571 954 λόγῳ,

188 981 255 1021 καὶ
286 977 340 1029 ὡς
368 975 418 1021 ἂν
444 977 466 1020 ὁ
497 975 684 1034 φρόνιμος
708 977 864 1034 ὁρίσειε.

308 1055 453 1099 Virtus
485 1057 612 1114 igitur
632 1057 694 1098 vis
726 1056 794 1098 illa
827 1061 890 1097 est
921 1055 1089 1113 agendi,
1132 1070 1235 1113 quae
1268 1071 1290 1097 a
1328 1056 1438 1098 bono
1472 1070 1569 1114 pro-

186 1136 323 1194 posito
364 1134 659 1194 proficiscitur,
701 1137 726 1177 i.
769 1151 804 1178 e.
838 1136 986 1177 mentis
1028 1137 1218 1190 ἐνέργεια,
1264 1150 1367 1192 quae
1409 1134 1569 1193 agendo

188 1218 358 1273 apparet
397 1219 438 1256 et
476 1215 533 1257 sic
575 1213 739 1272 quidem
779 1219 825 1257 ut
863 1213 1049 1273 singulae
1096 1214 1277 1256 actiones
1322 1214 1403 1256 sint
1454 1215 1572 1271 quasi

188 1294 479 1351 cogitationum
507 1294 634 1335 series
675 1294 717 1335 in
754 1294 957 1336 communi
996 1292 1077 1335 fine
1118 1294 1310 1336 nitentes.
1386 1290 1572 1346 Μεσότης

187 1386 285 1414 vero
316 1370 340 1427 ἡ
372 1369 469 1428 πρὸς
500 1370 603 1427 ἡμᾶς
639 1386 742 1429 quae
775 1371 945 1422 dicitur,
989 1373 1172 1430 ipsorum
1213 1376 1400 1414 nostrum
1432 1369 1568 1413 media

188 1451 292 1493 ratio
324 1455 399 1501 est,
433 1449 525 1491 finis
557 1450 720 1492 virtutis
754 1455 955 1507 quatenus
985 1451 1028 1491 in
1058 1455 1244 1492 naturam
1286 1455 1469 1492 nostram
1503 1464 1568 1491 ca-

189 1527 268 1579 dit,
317 1529 422 1570 ratio
471 1542 552 1585 qua
603 1528 707 1571 actio
754 1533 922 1571 naturae
970 1533 1135 1572 nostrae
1184 1533 1458 1571 consentanea
1483 1526 1567 1583 (2).

188 1605 363 1664 Agendo
395 1606 521 1663 igitur
553 1611 714 1649 constat
743 1608 905 1664 generis
938 1606 1106 1648 humani
1138 1613 1178 1648 et
1206 1606 1462 1664 singulorum
1490 1605 1567 1648 ho-

190 1685 344 1728 minum
375 1699 531 1727 summa
563 1683 749 1735 felicitas,
785 1689 825 1726 et
854 1685 911 1726 ita
944 1684 1109 1742 quidem
1139 1690 1186 1727 ut
1227 1700 1368 1727 omnes
1400 1699 1467 1727 res
1499 1700 1568 1743 ge-

190 1768 276 1807 stae
322 1764 486 1807 virtutis
522 1761 701 1806 indolem
748 1777 847 1820 prae
894 1777 938 1805 se
980 1761 1125 1805 ferant.
1199 1762 1325 1805 Cuius
1363 1778 1461 1805 vero
1496 1770 1569 1814 est,

190 1844 326 1887 omnia
354 1841 536 1886 subsidia
564 1841 775 1900 praebere,
810 1841 959 1900 quibus
991 1840 1226 1885 felicitatem
1258 1842 1409 1900 singuli
1439 1843 1571 1885 homi-

189 1937 263 1966 nes
297 1928 338 1965 et
369 1921 446 1966 sibi
479 1926 520 1965 et
550 1921 739 1965 omnibus
769 1922 931 1979 possint
962 1936 1121 1979 parare,
1157 1922 1272 1964 cuius
1301 1927 1375 1972 est,
1408 1922 1571 1964 virtutis

189 2003 216 2044 i.
248 2010 286 2056 eg
316 2002 425 2044 vitae
467 2006 508 2043 et
538 2002 708 2044 rationis
751 2006 792 2042 et
831 2002 978 2042 mentis
1020 2000 1111 2059 lege
1152 2000 1374 2058 dispositae
1407 2000 1570 2043 deside-

189 2081 295 2123 rium
326 2081 370 2122 in
402 2078 637 2122 hominibus
669 2079 870 2122 incitare?
908 2078 981 2122 Est
1012 2078 1273 2137 reipublicae.
1344 2078 1418 2121 Est
1448 2081 1573 2138 igitur

189 2158 422 2216 respublica
449 2159 623 2201 societas
654 2157 864 2200 hominum
897 2156 949 2199 ad
990 2172 1190 2200 summum
1233 2157 1386 2199 bonum
1426 2157 1569 2200 huma-

189 2250 288 2280 num
321 2242 362 2280 et
393 2236 555 2281 sibimet
582 2237 663 2295 ipsi
703 2241 744 2279 et
772 2235 940 2294 singulis
981 2235 1297 2295 comparandum
1338 2237 1572 2281 constituta.

189 2315 280 2359 Hoc
308 2331 511 2361 summum
543 2320 606 2359 est
637 2319 932 2375 argumentum,
965 2314 1076 2372 quod
1104 2320 1151 2357 ut
1180 2315 1419 2372 primarium
1448 2314 1571 2359 finem

190 2396 308 2438 initio
341 2397 478 2439 statim
517 2395 666 2439 horum
707 2394 902 2438 librorum
935 2392 1095 2436 effatur.
1157 2393 1332 2438 Politica
1362 2410 1461 2438 vero
1497 2395 1569 2437 do-

192 2475 319 2517 ctrina
378 2489 426 2517 ea
473 2480 554 2524 est,
614 2489 717 2532 quae
767 2476 954 2515 versatur
997 2473 1039 2514 in
1089 2473 1387 2517 constituendis
1433 2476 1481 2516 iis
1530 2476 1570 2515 in

293 2619 347 2667 (ι)
374 2624 420 2655 ef.
445 2624 505 2660 Ar,
534 2623 605 2659 eth,
631 2623 710 2657 Nic,
737 2620 820 2662 11‚6,
841 2619 897 2657 15.
925 2625 1008 2654 met.
1036 2621 1074 2661 V,
1100 2620 1159 2655 20.
1187 2621 1249 2655 cll.
1276 2621 1572 2668 Prendelenburg

192 2683 235 2715 ad
253 2685 309 2716 Ar.
338 2683 383 2716 de
410 2694 469 2718 an.
495 2681 623 2726 p.310.
650 2694 721 2725 sqq.
749 2682 819 2717 Cic.
847 2681 953 2714 Tusc.
983 2686 1119 2722 quaest.
1144 2681 1170 2714 1.
1197 2681 1236 2713 V.
1263 2692 1295 2715 c.
1324 2680 1383 2716 13.
1411 2683 1465 2716 ed.
1494 2684 1571 2726 Rip,

290 2741 344 2786 (2)
370 2745 414 2778 cf.
448 2745 622 2777 Michelet
646 2745 705 2777 die
729 2742 842 2775 Ethik
878 2742 939 2774 des
965 2742 1173 2775 Aristoleles
1207 2743 1246 2774 in
1271 2743 1383 2776 ihren·
1411 2744 1571 2776 Vei-halt·

191 2804 285 2836 nisse
312 2814 393 2836 zum
421 2803 559 2847 System
586 2805 649 2838 der
673 2802 800 2845 Mai-al,
825 2802 948 2836 Berlin
976 2801 1082 2845 18³⁷,
1109 2813 1141 2846 p.
1167 2803 1215 2836 49
1242 2814 1313 2844 sqq.

1253 2858 1281 2902 4
