1799 3104
204 232 275 283 18

203 375 416 430 percipere
451 376 635 423 conatus,
670 387 774 430 quae
798 371 857 414 illi
890 375 1001 425 insit,
1032 377 1221 417 naturam
1251 375 1374 432 plane
1407 375 1598 418 exhaurit

211 456 251 491 et
285 464 332 491 ea
366 464 457 492 sese
491 450 656 508 implet,
699 450 742 492 id
777 449 921 501 efficit,
953 456 1020 502 ut,
1054 451 1222 493 abiectis
1256 452 1459 505 omnibus,
1496 467 1598 511 quae

206 532 397 585 spectant
446 528 498 570 ad
546 530 791 571 exteriorem
847 530 908 571 rei
955 528 1150 581 formam,
1202 528 1332 587 qualis
1381 536 1517 573 exstat
1556 532 1599 572 in

205 605 362 648 mundo
395 605 568 655 visibili,
612 611 759 663 utpote
792 606 842 648 ab
875 608 1005 663 ipsius
1036 612 1185 650 natura
1214 609 1391 650 maxime
1426 608 1599 650 alienam

204 688 413 725 aeternam
456 682 534 724 sibi
570 683 661 738 ejus
703 675 922 740 imaginem
956 698 1031 725 seu
1060 684 1194 726 ideam
1225 684 1364 743 fingat.
1428 683 1506 727 Hic
1538 691 1600 727 est

204 759 457 818 significatus
499 762 570 817 qui
612 761 721 801 inest
759 762 802 802 in
841 760 977 804 verbis
1033 764 1129 803 ἴδε-ἲν
1167 767 1210 803 et
1249 766 1353 813 ἰδέα,
1395 768 1443 805 ut
1485 766 1597 804 totus

204 840 364 881 animus
426 838 533 880 oculi
595 840 723 880 instar
769 837 875 881 hanc
934 838 1065 881 Unam
1112 853 1198 881 rem
1257 841 1487 897 inspexerit
1520 837 1597 895 (1),

204 916 328 959 Tales
360 918 551 958 notiones
589 921 727 958 mente
763 918 1041 974 concipientes
1078 916 1128 959 ab
1160 915 1356 959 inferiore
1385 916 1438 959 ad
1470 930 1595 974 supe-

203 995 353 1035 riorem
396 992 679 1043 escendimus,
730 993 868 1050 quoad
916 993 968 1036 ad
1016 1008 1104 1036 eam
1144 996 1454 1052 perveniamus,
1494 1006 1598 1050 quae

203 1072 385 1113 omnium
425 1084 582 1111 summa
623 1070 794 1120 dicitur,
839 1071 891 1113 ad
926 1071 1060 1113 ideam
1093 1071 1204 1116 boni.
1267 1070 1314 1114 Si
1357 1072 1483 1128 igitur
1524 1083 1600 1126 per

202 1147 447 1207 pendimus,
496 1147 594 1204 quid
633 1147 751 1191 Plato
784 1148 861 1191 hac
902 1148 1087 1191 idearum
1121 1148 1320 1201 doetrina,
1353 1150 1396 1191 in
1428 1161 1598 1206 quarum

201 1232 348 1270 natura
393 1240 553 1268 omnem
596 1227 790 1267 materiae
833 1227 1122 1284 cogitationem
1161 1226 1294 1268 voluit
1335 1240 1424 1268 esse
1460 1239 1598 1283 segre-

200 1310 336 1363 gatam
369 1319 542 1361 prorsus
577 1319 623 1345 ac
655 1306 893 1355 seiunctam,
928 1303 1091 1347 efficere
1126 1303 1353 1347 studuerit:
1388 1318 1481 1346 eum
1513 1318 1598 1346 non

201 1381 422 1425 ostendere
454 1380 739 1425 contendimus
774 1381 886 1439 quod
919 1381 1172 1439 singularum
1203 1396 1341 1424 rerum
1375 1386 1439 1424 est
1471 1396 1593 1439 argu-

202 1465 386 1502 mentum
420 1464 460 1500 et
498 1458 673 1509 indoles,
717 1458 791 1501 sed
829 1458 873 1501 id
904 1460 1063 1517 potius,
1099 1458 1212 1516 quod
1241 1458 1316 1501 has
1355 1460 1489 1502 animo
1522 1474 1597 1501 no-

204 1543 289 1580 stro
325 1536 426 1579 tales
459 1538 592 1594 possit
617 1535 830 1593 praebere,
866 1536 1006 1593 quales
1031 1535 1082 1578 ab
1115 1536 1305 1579 omnibus
1337 1537 1493 1594 percipi
1526 1535 1597 1578 de—

202 1616 338 1658 beant.
403 1614 493 1656 Hoc
526 1614 660 1665 docet,
695 1619 889 1671 oportere
921 1629 1062 1657 omnes
1096 1629 1176 1665 res,
1206 1619 1289 1657 tam
1320 1629 1424 1671 quae
1458 1615 1501 1656 in
1530 1628 1596 1657 re·

201 1709 294 1737 rum
334 1697 481 1735 natura
523 1693 748 1742 exsistant,
799 1706 917 1749 quam
968 1706 1073 1749 quae
1121 1697 1259 1734 mente
1300 1691 1595 1750 intelligantur‘

204 1772 316 1813 hunc
347 1772 389 1811 in
420 1768 590 1810 modum
624 1771 862 1826 comparari,
895 1775 955 1820 ut,
988 1769 1085 1811 licet
1116 1769 1278 1812 diversa
1310 1771 1393 1811 sint
1423 1770 1597 1820 ratione,

204 1848 351 1891 eodem
383 1853 518 1889 tamen
550 1848 753 1904 principio
787 1861 968 1890 summae
1000 1849 1180 1905 partium
1211 1846 1387 1890 Unitatis
1407 1847 1491 1889 sint
1521 1848 1596 1889 im-

200 1926 350 1984 pletae.

322 2002 421 2046 ldea
469 2016 566 2045 vero
609 2001 729 2052 boni,
772 2001 824 2044 ad
856 2017 976 2060 quam
1008 2001 1292 2045 illustrandam
1332 2001 1452 2045 nobis
1484 2016 1593 2045 nunc

203 2079 526 2124 convertendum
579 2085 661 2128 est,
705 2095 790 2122 non
837 2079 970 2123 solum
1017 2085 1155 2136 partes
1204 2094 1346 2122 omnes
1387 2078 1595 2123 doctrinae

306 2301 363 2346 (1)
389 2304 555 2335 idearum
582 2303 765 2335 doctrinae
792 2304 1041 2345 proprietatem
1069 2303 1096 2338 1.
1125 2304 1154 2335 1.
1184 2302 1343 2343 Wagner
1366 2302 1406 2334 in
1427 2302 1592 2343 Organon

204 2365 266 2396 der
292 2363 564 2395 menschlichen
589 2363 842 2395 Erkenntniss.
870 2368 956 2395 sect.
983 2363 1025 2397 11.
1055 2363 1105 2394 sic
1131 2362 1313 2397 describit,

303 2423 497 2464 „Zugleich
522 2423 664 2463 erhellt,
691 2423 771 2454 dass
786 2423 846 2453 die
874 2433 944 2454 von
958 2422 1084 2453 Platon
1102 2422 1286 2461 gernhmte
1298 2419 1475 2452 Weltder
1485 2421 1593 2454 ldeen

200 2485 312 2516 keine
339 2483 473 2514 andere
500 2483 566 2523 sei,
592 2483 643 2513 als
670 2483 728 2513 (lic
764 2483 857 2513 auch
902 2482 1059 2513 sinnlich
1104 2480 1362 2512 erseheinende
1402 2481 1594 2514 wirkliche

208 2555 273 2575 aus
300 2545 381 2575 dem
408 2542 641 2575 univers-alen
669 2542 915 2583 Standpunkte
940 2541 1153 2582 ἰωὴ-8011191,
1176 2540 1251 2572 und
1264 2540 1340 2571 dass
1361 2541 1478 2573 dieser
1490 2541 1592 2573 Grie·

204 2605 348 2636 chische
372 2604 580 2645 Philosoph,
608 2603 676 2636 wie
702 2603 813 2635 sehon
837 2601 985 2635 Aeltere
1015 2611 1076 2633 vor
1099 2601 1187 2641 ihm,
1213 2600 1266 2631 als
1291 2600 1445 2633 Welten
1471 2605 1592 2634 trenut

201 2664 278 2697 und
304 2669 583 2705 enlgegensctzt,
617 2675 689 2697 was
723 2664 803 2696 blos
839 2663 1093 2706 Standpunkte
1128 2661 1190 2694 der
1224 2661 1460 2694 Erkenntniss
1496 2663 1589 2705 sind,

202 2726 260 2758 die
287 2726 328 2757 in
354 2724 451 2756 ihrer
475 2724 653 2765 richtigeu
679 2725 953 2765 Unterordnung
979 2723 1130 2757 erkanut
1156 2722 1329 2755 einander
1353 2726 1540 2765 ergfinzen.
