1799 3104
182 267 250 320 56

186 419 267 456 tam
310 413 417 455 enim
457 409 686 463 Unitatem‚
721 410 772 453 ob
806 424 927 468 quam
965 409 1083 453 Plato
1111 409 1180 452 illa
1212 411 1400 455 instituta
1427 427 1581 472 propo-

185 493 291 543 suit,
330 490 568 534 hominibus
603 492 762 534 censuit
805 491 950 548 attingi
983 506 1066 533 non
1096 505 1233 548 posse.
1298 490 1390 534 Huc
1424 496 1582 550 spectat

185 572 397 629 egregium
439 570 542 612 illud
581 569 818 612 Aristotelis
857 571 899 611 in
939 569 1054 626 polit..
1096 569 1158 620 11.‚
1206 567 1253 619 1,
1303 566 1333 612 8
1366 574 1406 612 et
1439 569 1480 621 9,
1511 570 1581 613 ubi

184 651 371 706 respexit
410 649 545 690 locum
586 650 628 689 in
667 663 755 704 rep.
796 647 981 689 Platonis
1020 647 1088 698 V.‚
1139 663 1179 705 p.
1227 645 1317 691 462
1363 646 1397 688 Β
1448 653 1489 689 et
1537 648 1579 691 C.

184 726 274 770 Hoc
308 727 415 769 enim
451 725 549 768 dicit
591 724 861 776 Aristoteles,
904 740 1045 767 vocem
1089 724 1233 776 πάντες
1260 725 1581 784 paralogismum

186 807 410 847 continere.
475 803 579 845 Nam
614 806 675 845 uti
714 805 1001 861 unusquisque
1041 819 1118 861 per
1150 819 1193 846 se
1226 804 1351 847 habet
1377 809 1579 854 naturam,

186 899 308 941 quam
345 883 507 926 sibimet
548 885 626 940 ipsi
659 884 868 940 propriam
912 884 952 924 in
993 882 1172 925 humana
1212 885 1407 926 societate
1441 882 1581 925 studet

183 961 412 1010 vindicare,
456 963 511 1001 ita
549 961 815 1002 vehementer
853 975 1020 1018 quoque
1071 967 1235 1003 tenetur
1267 961 1493 1012 desiderio,
1534 966 1581 1002 ut

182 1041 392 1100 propriam
426 1039 602 1097 aliquam
634 1055 720 1082 rem
754 1039 988 1099 possideat,
1033 1041 1074 1083 id
1107 1041 1219 1099 quod
1252 1043 1413 1099 egregie
1438 1041 1578 1084 obser-

182 1122 294 1162 vavit
342 1119 615 1170 Aristoteles;
658 1117 800 1176 (11.2‚
847 1117 908 1171 6).
998 1118 1192 1168 Quamvis
1240 1121 1383 1178 igitur,
1431 1120 1577 1176 inquit,

182 1199 361 1240 maxime
390 1213 558 1241 severae
596 1199 679 1240 sint
717 1198 843 1255 legeS‚
879 1213 981 1254 quas
1009 1198 1128 1240 Plato
1174 1199 1281 1248 tulit,
1315 1205 1362 1240 ut
1392 1200 1580 1251 φιλαυτία

183 1263 455 1333 quaecunque
510 1277 810 1334 supprimatur,
859 1281 1019 1318 tantum
1059 1281 1197 1318 tamen
1229 1275 1366 1326 abest,
1407 1280 1454 1317 ut
1500 1275 1578 1317 hoc

180 1356 315 1413 possit
355 1369 499 1397 revera
530 1353 642 1406 fieri,
684 1361 731 1397 ut
764 1370 812 1397 eo
846 1354 995 1398 fortius
1029 1355 1213 1413 singulos
1251 1357 1384 1413 capiat
1415 1353 1576 1396 deside-

180 1436 287 1477 rium
316 1435 510 1492 propriae
539 1435 831 1492 possessionis.
897 1432 1033 1483 Quare
1061 1440 1171 1477 recte
1204 1448 1295 1476 sese
1325 1432 1479 1477 habent
1509 1432 1579 1475 illa

182 1528 287 1572 quae
329 1513 525 1572 leguntur
564 1513 628 1564 IL,
673 1511 711 1564 1,
758 1511 797 1557 9.
834 1513 914 1569 (cll.
948 1513 1012 1564 11„
1050 1511 1088 1564 1,
1125 1511 1180 1555 17
1214 1516 1340 1567 extr.)
1371 1511 1433 1569 (1)
1465 1511 1576 1554 Vere

181 1591 331 1634 deinde
360 1591 608 1636 Aristoteles
633 1593 729 1650 egit,
764 1591 878 1649 quod
910 1591 1007 1635 talia
1035 1593 1236 1643 instituta,
1269 1591 1405 1649 qualia
1435 1590 1576 1633 Plato-

179 1686 273 1713 nem
313 1672 507 1714 statuisse
546 1670 749 1722 vidimus,
798 1672 968 1713 reiicere
1010 1676 1061 1717 et,
1082 1670 1310 1714 absolutam
1342 1670 1451 1712 illam
1484 1684 1576 1712 cum

181 1764 228 1791 ea
247 1749 428 1799 Unitate‚
460 1764 565 1806 quae
589 1749 801 1791 hominum
830 1757 1002 1792 naturae
1025 1751 1154 1808 magis
1179 1750 1430 1800 conveniret,
1465 1763 1574 1790 com-

179 1834 339 1871 mutare
373 1826 565 1871 studebat
584 1825 664 1884 (IL,
697 1826 737 1879 2,
771 1827 837 1885 5)⁶
884 1827 986 1871 Nam
1020 1830 1054 1871 si
1075 1830 1223 1887 cuique
1245 1828 1352 1879 licet,
1385 1828 1574 1885 proprias

178 1913 320 1949 tenere
348 1908 635 1964 possessiones
667 1913 790 1964 atque
815 1922 936 1965 agere
955 1922 1009 1950 ex
1030 1908 1161 1951 libero
1181 1907 1363 1957 arbitrio,
1400 1911 1441 1948 et
1465 1907 1499 1948 si
1531 1905 1574 1947 id

176 1987 438 2042 potissimum
481 1991 652 2043 spectat,
694 1991 753 2035 ut,
787 2000 1057 2044 quaecunque
1088 1985 1206 2036 facit,
1248 2000 1294 2027 ea
1326 1983 1573 2043 reipublicae

276 2178 331 2224 (l)
359 2181 511 2214 Minime
547 2192 735 2223 possumus
773 2183 937 2214 assentiri
974 2182 1166 2224 Pinzgero,
1206 2182 1266 2225 qui
1298 2194 1330 2224 p.
1364 2182 1425 2217 39.
1452 2182 1500 2214 ita
1527 2183 1572 2215 «le

177 2243 245 2273 hoc
270 2242 351 2274 loco
378 2242 539 2273 disserit:
594 2242 761 2278 „Causam
797 2243 906 2275 huius
941 2244 1138 2275 sententiae
1164 2244 1240 2285 ipse
1268 2243 1361 2287 (scil.
1399 2242 1570 2275 Aristote-

177 2300 248 2342 les)
277 2314 346 2334 non
372 2303 512 2334 addidit
539 2301 601 2345 (cf.
629 2304 684 2344 ll„
713 2304 745 2344 l,
773 2303 805 2340 ’7.
833 2303 869 2344 2,
897 2304 931 2336 9.
959 2304 1022 2339 cll.
1050 2304 1140 2338 Plat.
1167 2304 1211 2335 de
1236 2314 1310 2344 rep,
1337 2303 1440 2345 lup,
1465 2300 1571 2347 416),

178 2373 288 2402 quare
315 2373 376 2402 per
402 2373 439 2394 se
465 2364 538 2394 iam
565 2364 681 2394 levior
709 2364 850 2395 videtur
870 2364 960 2395 haec
988 2364 1158 2399 obiectio,
1209 2363 1334 2403 Neque
1360 2363 1440 2394 satis
1465 2373 1568 2395 aceu-

174 2427 250 2454 rate
278 2422 464 2454 Platonem
490 2424 688 2465 inspexisse
715 2423 858 2456 videtur
885 2421 918 2468 (ἓ
934 2419 984 2468 ἓ),
1012 2424 1143 2466 quippe
1170 2423 1230 2464 qui
1261 2422 1351 2455 bene
1365 2424 1569 2466 ostenderit,

174 2482 356 2524 quomodo
392 2484 467 2514 tieri
495 2486 624 2525 possit,
659 2490 701 2516 ut
728 2495 849 2516 omnes
876 2485 998 2516 omnia
1024 2485 1095 2516 sibi
1127 2484 1331 2516 communia
1367 2485 1570 2517 existiment

174 2542 429 2584 habeantque,“
479 2541 692 2576 Aristoteles
719 2546 855 2582 sumsit,
891 2545 1011 2578 onmia
1044 2544 1111 2576 illa
1143 2543 1299 2575 Platonis
1335 2545 1497 2578 instituta
1523 2546 1568 2577 ab

174 2603 362 2636 hominum
396 2610 522 2636 natura
559 2605 679 2636 aliena
715 2616 812 2648 esst—5
853 2607 975 2647 itaque
1003 2606 1111 2637 etiam
1138 2613 1285 2644 causaS,
1311 2606 1439 2645 quibus
1465 2605 1566 2637 Plato

174 2672 215 2693 ea
251 2662 428 2704 defendit,
467 2664 613 2696 idoneas
641 2666 845 2698 existimare
884 2676 957 2698 non
981 2668 1133 2708 poterat.
1185 2663 1255 2695 Sed
1279 2664 1486 2697 Aristoteles
1512 2676 1566 2698 er·

170 2733 267 2754 rasse
294 2723 398 2754 nobis
427 2723 567 2755 videtur
592 2730 788 2767 propterea,
814 2726 910 2767 quod
934 2725 1091 2768 putabat,
1117 2724 1303 2757 Platonem
1328 2726 1449 2758 omnin
1474 2736 1565 2768 quae

170 2787 409 2824 proposuerat,
435 2791 557 2815 revera
584 2784 703 2825 perfici
729 2785 900 2818 voluisse.
