1799 3104
210 190 281 243 60

209 348 301 378 esse
333 333 445 385 dicit,
477 335 693 391 imperare,
727 332 816 375 aliis
849 333 1004 374 servire
1036 337 1078 374 et
1108 330 1289 374 obedire.
1353 331 1465 375 Haec
1494 333 1601 374 enim

209 428 263 454 ex
296 411 535 454 Aristotelis
569 413 774 454 sententia
810 412 991 454 iustitiae
1026 412 1138 453 notio
1173 414 1257 461 est,
1297 415 1345 452 ut
1378 412 1601 470 unusquis-

207 506 288 549 que
319 506 414 534 eum
445 490 581 534 locum
615 492 657 533 in
690 492 853 533 civitate
885 489 1089 541 obtineat,
1130 491 1199 547 qui
1238 504 1315 547 pro
1347 490 1501 532 virtute
1541 505 1600 541 ea,

208 585 332 628 quam
355 576 503 613 natura
543 571 724 626 accepit,
770 571 807 610 ei
847 570 993 618 merito
1038 570 1275 627 contingere
1320 567 1444 609 debet
1485 573 1526 610 et
1556 574 1604 611 ut
1666 564 1673 572 ⁸

207 648 288 690 hoc
337 646 506 690 consilio
548 648 592 688 in
633 648 796 689 civitate
848 651 952 704 agat.
1035 645 1157 696 Quod
1198 652 1246 690 ut
1291 645 1363 688 fiat
1409 646 1521 704 leges
1540 644 1602 704 (1)

207 725 307 769 ferri
339 740 509 768 necesse
545 729 630 775 est,
669 739 776 782 quae
816 726 1089 774 constituant,
1133 726 1233 782 quid
1272 727 1326 768 sit
1357 724 1420 786 τὸ,
1441 727 1603 775 δίκαιον,

206 806 233 847 i.
269 819 303 847 e.
337 801 382 848 τὸ
415 803 501 847 ἶσον
531 819 603 847 seu
639 802 684 847 τὸ
717 801 854 860 ὀρθόν.
918 802 1022 846 Nam
1051 805 1207 846 iustitia
1246 810 1309 846 est
1339 806 1498 858 ἐυνομία
1530 819 1605 846 seu

207 881 341 938 ἰσότης
371 882 572 941 quaedam
615 882 691 940 (2).
774 882 844 926 Uti
886 884 1011 940 igitur
1048 882 1136 925 aliis
1178 882 1278 926 locis
1318 882 1524 939 politicam
1565 887 1606 925 et

210 961 385 1003 ethicam
418 960 691 1018 separandam
723 962 987 1011 existimavit,
1023 962 1080 1002 sic
1109 960 1188 1002 hoc
1218 960 1322 1012 loco,
1357 962 1428 1017 qui
1459 965 1522 1002 est
1553 960 1604 1002 de

207 1041 360 1090 servis,
402 1040 622 1096 utriusque
667 1038 930 1081 Identitatem
962 1040 1116 1096 posuit.
1205 1037 1290 1080 Sed
1336 1043 1602 1088 revertamur,

206 1116 318 1158 unde
359 1115 535 1174 digressi
574 1132 728 1158 sumus.
804 1116 958 1158 Servos
1000 1115 1144 1158 eodem
1188 1116 1311 1158 modo
1358 1132 1382 1158 a
1429 1116 1604 1160 dominis

209 1193 375 1238 differre
410 1194 603 1247 declarat,
638 1210 719 1253 quo
748 1194 904 1239 bestiae
924 1194 973 1238 ab
1001 1193 1260 1246 hominibus3
1296 1196 1462 1253 utrique
1496 1196 1601 1238 enim

307 1377 362 1422 (1)
389 1378 452 1416 Ar,
479 1380 553 1421 pol.
579 1380 650 1412 lll.·
672 1379 707 1421 7,
734 1378 793 1412 13.
830 1379 888 1421 11,
915 1379 951 1415 6.
984 1364 1093 1417 „Serre
1129 1375 1261 1421 δῆλον,
1289 1363 1347 1412 ἔτι
1369 1374 1411 1411 τό
1448 1373 1605 1412 δίκαιον

207 1436 409 1483 ζητοῦντες
440 1434 482 1472 τό
517 1432 644 1480 μέσον
670 1435 868 1481 ζητοῦσιν·
896 1430 1007 1483 οςγοὶρ
1033 1431 1157 1478 νόμος
1190 1433 1231 1470 ‘ro'
1265 1431 1424 1479 μέσον.“
1473 1441 1544 1482 w,
1570 1440 1604 1473 6.

206 1500 243 1539 3.
270 1501 333 1534 cll.
367 1500 592 1533 Montescuv.
627 1496 680 1532 ‹le'
705 1496 859 1541 l’Espritl
882 1500 943 1531 des
969 1499 1036 1530 lois
1075 1500 1125 1534 in.
1163 1500 1234 1536 „tes
1261 1500 1358 1541 Lois,
1385 1500 1471 1532 (lans
1495 1501 1533 1532 la
1559 1502 1604 1532 si-

207 1562 413 1602 gnification
437 1561 474 1592 la
499 1561 582 1602 plus
609 1561 783 1601 dicendae,
810 1565 889 1591 sont
904 1560 957 1591 les
984 1564 1141 1601 rapports
1167 1560 1397 1601 ne'cessaires,
1424 1561 1485 1602 qui
1512 1561 1604 1592 ‹le'ri-

205 1628 292 1654 vent
317 1622 361 1653 de
386 1622 423 1652 la
450 1626 575 1653 nature
604 1621 665 1652 des
692 1621 814 1652 61ιο565
826 1619 853 1661 ,“
881 1626 915 1651 et
940 1620 1063 1660 paullo
1089 1626 1166 1661 post
1191 1621 1413 1663 „ilyadonc
1439 1632 1512 1653 une
1537 1622 1604 1653 rai-

207 1692 273 1714 son
297 1682 503 1724 primitive3
532 1686 567 1712 et
591 1682 645 1712 les
672 1681 742 1712 lois
778 1685 859 1712 sont
884 1680 938 1711 les
964 1685 1141 1721 rapports,
1167 1682 1228 1721 qni
1254 1692 1291 1713 se
1319 1687 1482 1713 trouvent
1507 1687 1605 1714 entre

210 1742 284 1773 elle
312 1746 346 1772 et
370 1741 424 1773 les
460 1741 578 1772 divers
607 1737 718 1781 eti-es,
754 1745 789 1771 et
821 1740 873 1771 les
908 1745 1061 1780 rapports
1098 1740 1142 1771 (16
1169 1751 1227 1772 ces
1248 1742 1363 1773 divers
1390 1741 1479 1773 etres
1506 1748 1605 1775 entre

209 1811 281 1834 eux
308 1801 371 1836 611.
397 1801 489 1837 Plat.
516 1801 560 1832 de
586 1801 659 1845 leg.
685 1800 758 1842 111„
785 1812 819 1842 p.
846 1800 918 1833 693
945 1801 982 1833 C.
1010 1811 1042 1841 p.
1071 1800 1141 1834 701
1168 1801 1211 1833 E.
1237 1802 1305 1843 IV„
1334 1813 1365 1844 p,
1394 1802 1464 1835 708
1490 1803 1532 1835 E.

305 1859 362 1906 (2)
388 1862 526 1894 lustitia
559 1861 764 1894 Aristotelia
791 1859 853 1904 (cf.
881 1862 953 1897 eth.
980 1861 1059 1894 Nic.
1088 1863 1126 1898 V,
1157 1863 1199 1903 1,
1227 1864 1262 1897 8.
1290 1859 1383 1905 13.),
1410 1869 1450 1896 ut
1476 1865 1524 1896 ita
1551 1865 1602 1896 di-

208 1934 297 1964 cam,
324 1924 379 1955 uti
413 1923 507 1964 apud
533 1923 743 1963 Platonem,
769 1924 1012 1954 necessarium
1039 1928 1090 1953 est
1115 1923 1389 1955 fundamentum
1415 1925 1529 1965 ipsius
1555 1926 1604 1957 ci-

206 1984 350 2024 vitatis,
392 1984 509 2024 qualis
545 1992 585 2014 re
611 1992 697 2014 vera
724 1987 856 2023 exstat,
891 1982 1038 2014 vivendi
1072 1983 1271 2024 agendique
1305 1993 1442 2015 summa
1467 1985 1527 2017 lex
1554 1991 1607 2017 est

208 2049 315 2086 atque
341 2044 432 2075 ratio
461 2040 539 2084 (Ar.
567 2043 641 2084 pol.
667 2043 738 2083 lll.,
766 2041 799 2082 7,
825 2039 877 2083 8),
929 2042 1083 2083 Uterque
1118 2053 1201 2074 vero
1236 2044 1412 2076 iustitiam
1437 2046 1605 2078 virtutem

205 2105 415 2137 universam
447 2104 628 2144 designat,
663 2103 702 2134 id
736 2103 831 2144 quod
865 2101 1077 2135 Aristoteles
1102 2104 1143 2135 in
1179 2105 1251 2139 eth.
1286 2104 1366 2140 Nic.
1395 2105 1456 2146 V„
1485 2106 1518 2146 1,
1546 2105 1605 2142 15,

207 2166 389 2199 enunciat.
448 2164 653 2196 Discrimen
694 2174 775 2195 vero
809 2165 906 2195 inter
940 2164 1107 2196 virtutem
1135 2166 1341 2197 universam
1368 2171 1403 2198 et.
1428 2167 1606 2199 iustitiam

204 2226 310 2258 istam
345 2225 571 2267 generalem,
610 2235 716 2267 quam
751 2225 858 2267 «licit,
903 2225 1000 2257 haud
1047 2234 1214 2267 magnum
1244 2227 1414 2259 interesse
1451 2228 1603 2260 videtur.

206 2287 300 2319 Nam
338 2287 477 2318 iustitia
505 2287 548 2318 ad
575 2287 670 2329 ipsas
696 2297 751 2318 res
778 2292 902 2328 gestas,
928 2292 963 2318 et
989 2287 1034 2318 ad
1060 2287 1250 2320 hominum
1275 2288 1370 2319 inter
1389 2298 1426 2319 se
1454 2289 1602 2321 societa-

208 2354 306 2389 tem,
331 2348 443 2379 virtus
469 2348 513 2378 ad
547 2348 752 2380 interiorem
779 2348 891 2379 animi
915 2349 1032 2388 legem
1056 2358 1120 2380 seu
1146 2348 1425 2389 conscientiam,
1459 2360 1528 2390 qua
1553 2350 1603 2382 sic

205 2418 325 2449 neque
362 2407 469 2439 aliter
506 2409 663 2449 agimus,
704 2409 868 2441 refertur.
934 2409 1053 2446 Quare
1100 2409 1275 2441 iustitiam
1313 2413 1409 2440 certo
1448 2411 1603 2452 quodam

205 2468 313 2500 modo
339 2463 485 2512 χρῆσιν
511 2468 609 2500 «licit.
659 2469 797 2500 lustitia
822 2480 905 2501 vero
933 2469 1103 2510 Platonis,
1130 2478 1220 2510 quae
1245 2468 1285 2499 in
1309 2469 1420 2501 animi
1452 2471 1601 2503 faculta-

207 2534 283 2559 tum
310 2539 488 2561 consensu
516 2529 655 2569 nititur,
683 2530 860 2570 quomodo
888 2531 931 2562 ad
958 2531 1159 2571 agencium,
1187 2529 1334 2561 omnino
1359 2531 1404 2562 ad
1428 2531 1520 2573 ipsas
1547 2543 1602 2564 res

206 2588 382 2620 humanas
419 2590 606 2622 referenda
647 2591 712 2630 sit,
753 2592 913 2632 egregius
952 2592 1019 2623 ille
1055 2589 1290 2631 philosophus
1325 2601 1396 2622 non
1435 2593 1602 2630 ostendit.

207 2646 280 2681 Sed
317 2648 387 2680 hoe
421 2648 610 2683 Aristoteli
642 2652 811 2683 relictum
844 2658 931 2687 erat.
992 2653 1108 2689 Quam
1144 2655 1236 2682 arcte
1275 2651 1389 2695 igitur
1412 2652 1601 2696 uti-Iusque

207 2706 278 2747 viri
307 2710 352 2742 de
378 2710 521 2743 iustitia
548 2711 708 2744 doctrina
735 2713 933 2751 cohaereat.
961 2723 1067 2746 nemo
1095 2717 1147 2744 est
1172 2712 1261 2756 quin
1287 2712 1418 2751 videat.
