1799 3104
1522 228 1592 282 ³3

210 374 313 419 Nam
343 374 373 415 ii
406 373 583 418 maxime
615 370 864 431 reipublicae
903 369 1137 414 felicitatem
1170 370 1352 416 efficiunt
1368 370 1445 431 (1).
1508 370 1594 415 Ex-

210 439 432 497 cluduntur
459 453 584 509 igitur
616 464 751 500 senes,
784 451 1011 507 peregrini,
1051 451 1121 506 qui
1147 451 1308 492 civitate
1326 450 1465 494 donati
1498 452 1593 502 sint,

210 531 317 573 servi
345 530 455 587 iique
488 531 558 587 qui
588 531 759 584 μέτοικοι
789 527 983 570 dicuntur
1013 541 1148 585 neque
1190 528 1278 569 sine
1318 534 1484 570 auctore
1514 543 1594 586 pu-

208 607 313 651 blice
363 621 484 665 agere
528 611 707 664 possunt
724 604 810 664 (2),
870 604 1149 649 excluduntur
1194 605 1372 664 denique
1421 604 1597 648 feminae

210 701 373 745 quoque
404 691 445 728 et
473 685 603 730 liberi.
666 685 810 728 Altera
849 685 1056 737 definitio,
1087 687 1195 728 cives
1229 700 1299 728 eos
1333 700 1436 736 esse,
1471 686 1540 743 qui
1575 700 1599 727 a

209 769 326 823 patre
358 769 400 806 et
430 779 452 807 a
480 769 608 807 matre
643 767 750 808 cives
780 773 930 816 essent,
966 764 1207 807 secundaria
1239 769 1302 806 est
1318 762 1394 822 (3).
1458 761 1596 814 Quae-

210 845 264 885 rit
295 842 445 888 deinde
476 848 636 894 noster,
679 858 778 886 num
820 842 961 885 eadem
992 844 1091 885 civis
1125 844 1177 885 sit
1207 844 1351 893 virtus,
1386 856 1490 900 quae
1519 844 1597 884 viri

210 921 319 964 boni.
365 919 511 978 Negat.
583 920 724 963 Bonus
765 923 872 963 enim
914 923 1013 963 civis
1053 926 1135 971 est,
1176 922 1246 978 qui
1279 921 1593 971 institutionem,

211 1013 315 1057 quae
355 1004 509 1049 exstat,
558 999 810 1057 reipublicae
857 1014 975 1057 quam
1017 1001 1193 1041 maxime
1233 1004 1393 1050 tuetur,
1441 1004 1483 1041 et
1524 1000 1594 1056 qui

211 1092 341 1136 aeque
391 1077 496 1120 bene
546 1076 762 1121 inferiores
810 1092 954 1136 regere
999 1093 1045 1121 ac
1098 1077 1379 1136 superioribus
1424 1076 1594 1121 obedire

210 1155 330 1199 valet.
418 1155 566 1200 Virum
612 1161 747 1199 autem
794 1156 949 1199 boumn
1004 1171 1088 1199 non
1131 1171 1293 1215 semper
1340 1159 1467 1199 civem
1519 1156 1595 1200 bo-

210 1250 308 1278 num
340 1251 475 1293 neque
503 1238 631 1279 civem
663 1236 816 1278 bonum
851 1237 973 1278 etiam
1005 1235 1158 1278 bonum
1189 1238 1321 1278 virum
1350 1250 1440 1278 esse
1471 1250 1597 1294 posse

211 1313 310 1358 dicit
327 1313 403 1372 (4).
477 1312 587 1365 Quid
643 1329 690 1357 ea
731 1314 782 1357 de
810 1329 855 1358 re
895 1313 1014 1358 nobis
1060 1315 1360 1358 constituetur?
1431 1313 1478 1358 Si
1518 1329 1595 1358 no-

211 1395 365 1436 tionem
396 1399 437 1436 et
476 1393 600 1436 finem
639 1393 889 1453 reipublicae
930 1393 1145 1436 Aristoteli
1177 1395 1436 1452 propositum
1476 1399 1592 1436 tene-

210 1487 315 1524 mus,
349 1471 522 1515 alterum
554 1472 604 1515 ab
635 1472 763 1515 altero
793 1487 983 1530 separare
1014 1488 1099 1515 non
1127 1473 1234 1516 licet.
1296 1471 1400 1516 Nam
1419 1475 1594 1516 societas

209 1550 374 1609 politica
404 1565 605 1610 summum
637 1551 790 1594 bonum
827 1550 904 1594 sibi
934 1553 1076 1609 posuit
1120 1552 1300 1593 omnium
1334 1557 1375 1594 et
1407 1551 1591 1611 singulo-

209 1644 299 1673 rum
331 1628 588 1682 felicitatem3
634 1644 682 1672 ea
722 1644 820 1673 vero
857 1632 1038 1673 nascitur
1088 1633 1280 1687 »ἐνεργείᾳ
1327 1629 1410 1673 κατ’
1453 1629 1597 1687 ἀρετὴν

208 1711 393 1753 ‘taccam
463 1708 618 1767 Itaque,
651 1708 723 1752 ubi
755 1708 806 1751 de
838 1710 936 1752 civis
952 1710 1122 1752 notione
1143 1711 1327 1767 exponit,
1362 1709 1413 1752 de
1442 1711 1597 1768 optima

210 1790 372 1832 civitate
405 1794 563 1832 tantum
596 1790 765 1846 cogitari
794 1794 945 1847 potest.
1009 1787 1145 1838 Quare
1176 1788 1311 1832 bonus
1345 1790 1443 1831 civis
1477 1791 1597 1832 etiam

210 1870 273 1911 vir
303 1868 435 1912 bonus
465 1869 519 1911 sit
549 1881 717 1910 necesse
747 1873 820 1910 est.
883 1866 987 1910 Nam
1019 1869 1054 1910 si
1081 1869 1125 1910 in
1155 1869 1307 1926 optima
1325 1869 1488 1911 civitate
1520 1868 1599 1911 alia

211 1949 341 1990 virtus
385 1952 495 1989 esset
532 1946 631 1989 boni
663 1948 782 1997 civis,
824 1946 902 1988 alia
940 1949 1072 1989 virtus
1113 1946 1211 1988 boni
1243 1948 1341 1996 viri,
1381 1945 1475 1988 finis
1515 1948 1596 1988 rei-

209 2024 399 2086 publicae
429 2026 668 2084 propositus
699 2027 843 2084 attingi
873 2023 965 2085 Jnon
995 2030 1150 2084 posset.
1212 2022 1306 2067 Non
1339 2025 1464 2083 igitur
1496 2039 1597 2083 qua-

212 2103 353 2157 drant,
386 2119 491 2164 quae
520 2103 595 2156 ΙΙΙ,
639 2103 687 2156 2,
724 2103 765 2149 2.
796 2104 1002 2163 leguntur.
1064 2102 1168 2147 Nam
1208 2118 1312 2162 quae
1351 2102 1408 2147 ibi
1439 2105 1595 2156 statuit,

212 2200 297 2228 non
328 2183 507 2228 admittit
538 2199 585 2226 ea
614 2198 734 2242 quam
765 2183 919 2242 ubique
952 2185 1096 2227 statuit
1128 2183 1317 2242 politicae
1359 2188 1400 2225 et
1438 2183 1598 2226 ethicae

212 2263 494 2322 inseparabilis
528 2264 774 2306 coniunctio.
840 2262 1032 2305 Ceterum
1064 2262 1175 2320 quod
1209 2261 1258 2303 de
1278 2263 1426 2303 civium
1457 2261 1596 2305 indole

213 2344 344 2402 qualis
376 2358 467 2390 esse
495 2342 685 2394 deberet,
730 2342 809 2385 alio
852 2342 943 2385 loco
975 2342 1177 2400 disputat,
1219 2341 1470 2399 praeclarius
1516 2341 1596 2385 dici

213 2422 317 2466 nihi}
345 2426 522 2482 poterat,
564 2424 675 2478 »τρία
706 2424 751 2464 δέ
778 2436 866 2464 τινα
880 2419 952 2478 χρὴ
984 2420 1083 2478 ἔχειν
1113 2418 1202 2470 τοὺς
1225 2422 1437 2475 μέλλοντας
1467 2417 1597 2477 ἄρξειν

314 2568 369 2615 (1)
397 2570 467 2612 vll,
493 2569 529 2612 8,
554 2569 591 2603 2.
619 2570 681 2605 cll.
709 2570 781 2602 Cic.
807 2566 849 2599 de
874 2577 946 2610 rep.
973 2568 999 2603 l.
1025 2568 1081 2604 lv.
1109 2578 1139 2602 c.
1166 2566 1202 2602 3.
1229 2568 1270 2609 V,
1298 2578 1327 2600 c.
1355 2567 1391 2602 6.

311 2629 366 2676 (2)
392 2630 454 2666 Ar.
479 2632 552 2675 pol.
577 2631 635 2673 111,
661 2631 695 2673 1,
719 2629 744 2663 3
770 2636 804 2662 et
831 2628 868 2663 4.

313 2689 372 2738 (3)
397 2691 460 2729 Ar.
486 2692 559 2735 pol,
584 2691 642 2733 lll,
669 2690 703 2732 1,
728 2690 763 2727 9.

313 2750 368 2799 (4)
393 2753 450 2798 ln,
476 2751 511 2798 2,
536 2751 559 2786 2
585 2758 620 2786 et
643 2749 677 2789 3.
706 2751 768 2792 cll,
796 2751 867 2788 eth.
892 2750 972 2787 Nic.
999 2750 1087 2797 vul„
1113 2751 1147 2788 9,
1174 2751 1246 2798 pol,
1274 2751 1345 2796 vll,
1373 2750 1430 2795 12,
1455 2750 1493 2788 5.
