1799 3104
1518 235 1587 287 59

202 373 455 436 regnandum
479 374 562 418 sint
590 374 768 417 maxime
791 372 942 417 idonei.
1009 373 1113 417 Tres
1146 390 1242 418 vero
1273 375 1482 419 servitutis
1512 390 1588 417 no-

200 456 334 496 tiones
362 451 609 493 Aristoteles
641 452 797 500 statuit,
831 466 935 508 quae
968 458 1104 493 tamen
1133 467 1214 493 non
1249 454 1370 509 plane
1402 453 1589 494 diversae

202 535 311 580 sunt,
345 527 420 572 sed
451 527 673 578 eiusmodi,
718 532 765 570 ut
797 544 916 585 quam
948 530 1129 587 priorem
1161 530 1203 571 in
1235 529 1413 572 medium
1447 528 1587 588 profe-

200 612 264 650 rat
312 605 613 657 definitionem,
656 620 744 647 eam
785 605 935 648 deinde
968 609 1196 648 accuratius
1237 608 1427 664 explicet.
1498 609 1588 649 Pri-

201 700 311 729 mum
342 683 531 727 servilem
571 685 628 726 ait
658 688 843 728 naturam
885 685 1073 728 omnibus
1106 687 1155 728 iis
1195 684 1319 728 rebus
1359 685 1588 735 inhaerere,

201 777 305 821 quae
337 776 421 805 non
452 767 630 820 possunt
653 768 789 804 mente
823 766 896 814 uti,
932 764 1004 805 sed
1039 764 1160 805 modo
1185 778 1356 821 corpore
1382 763 1462 820 (1).
1493 763 1590 805 Alio

199 843 288 885 loco
321 855 381 891 ea,
415 855 519 899 quae
552 840 742 885 dominus
774 844 882 901 agit,
916 858 938 884 a
972 842 1189 885 servilibus
1222 844 1399 900 negotiis
1434 844 1490 884 sic
1523 856 1588 884 se-

199 925 409 979 parantur,
440 925 488 961 ut
517 934 680 963 servum
697 920 804 963 dicat
823 936 909 963 rem
940 923 1153 963 animatam
1188 920 1366 978 quidem,
1402 925 1442 962 at
1474 919 1591 961 fracti

200 999 323 1042 animi
364 1002 404 1041 et
446 998 592 1041 abiecti
633 1004 674 1042 et
720 999 888 1043 arbitrio
923 1002 1097 1043 carentis
1131 1015 1227 1051 suo3
1268 1001 1587 1042 instrumentum

200 1076 298 1121 dicit
330 1082 371 1120 et
400 1082 559 1135 partem
604 1077 780 1129 domini,
833 1081 903 1137 qui
954 1081 1070 1137 quasi
1116 1084 1246 1121 totum
1294 1078 1489 1120 exhibeat
1509 1075 1586 1134 (2).

199 1156 384 1200 Tertiam
417 1154 594 1214 denique
627 1156 906 1200 definitionem
938 1158 1128 1209 exhibet,
1168 1157 1240 1201 ubi
1273 1172 1376 1215 quae
1407 1162 1500 1199 ante
1535 1154 1586 1198 de

197 1235 389 1277 universa
421 1236 528 1277 servi
552 1239 699 1278 natura
728 1235 835 1278 dicta
867 1243 983 1287 sunt,
1027 1238 1067 1279 in
1100 1238 1304 1278 civitatem
1335 1234 1587 1278 referuntur.

196 1312 283 1355 Hac
314 1328 359 1355 re
392 1328 489 1356 sane
518 1313 756 1357 Aristotelis
801 1314 985 1358 doctrina
1028 1330 1049 1357 a
1083 1315 1314 1358 Christiana
1349 1321 1436 1357 toto
1472 1312 1585 1355 coelo

197 1391 349 1435 distare
392 1391 555 1435 videtur
586 1390 663 1450 (3)
750 1393 978 1436 Christiana
1036 1396 1162 1436 enim.
1188 1392 1335 1451 religio
1393 1391 1583 1434 omnibus

197 1469 367 1513 eandem
398 1471 591 1513 virtutem
621 1473 800 1515 innatam
832 1487 922 1515 esse
945 1474 1157 1531 praecipit.
1221 1471 1418 1515 Nostrum
1446 1476 1583 1512 autem

196 1563 299 1599 esse,
333 1562 489 1590 summa
519 1550 667 1591 virium
700 1552 959 1592 cententione
993 1550 1034 1592 id
1068 1564 1202 1608 agere,
1237 1556 1281 1591 ut
1313 1550 1418 1591 hanc
1449 1550 1580 1590 virtu-

194 1627 246 1671 tis
270 1625 524 1679 facultatem,
567 1632 614 1670 ut
644 1628 701 1671 ita
734 1627 887 1680 dicam,
930 1643 951 1670 a
981 1627 1071 1671 Deo
1108 1630 1262 1687 optimo
1295 1628 1473 1670 maximo
1508 1624 1580 1669 da-

193 1713 298 1757 tam,
341 1711 540 1764 quantum
582 1708 810 1764 possimus,
852 1707 1031 1749 colamus
1070 1707 1230 1764 Deique
1271 1706 1415 1749 fiamus
1459 1720 1581 1763 quam

195 1784 398 1830 simillimi.
462 1784 678 1828 Aristoteli
710 1800 807 1829 vero
840 1785 1013 1844 placuit,
1048 1801 1130 1828 non
1165 1785 1335 1829 eandem
1371 1798 1461 1827 esse
1496 1797 1582 1826 om—

194 1864 315 1908 nibus
348 1864 584 1908 hominibus
620 1867 814 1908 virtutem
848 1880 982 1923 neque
1014 1864 1102 1908 fieri
1133 1879 1313 1923 unquam
1353 1878 1498 1922 posse,
1537 1869 1585 1905 ut

195 1957 336 1994 omnes
374 1942 427 1986 ad
468 1943 639 1987 eandem
678 1945 801 1987 animi
833 1942 1129 2003 perfectionem
1163 1944 1447 2002 pervenirent,
1492 1940 1580 1983 aliis

195 2022 330 2066 datam
364 2037 454 2066 esse
486 2021 743 2075 facultatem,
785 2030 833 2067 ut
873 2023 924 2066 ad
955 2038 1152 2066 summam
1191 2024 1384 2065 virtutem
1426 2021 1582 2079 aspira-

192 2108 306 2154 rent,
343 2101 431 2145 aliis
462 2117 561 2145 vero
592 2105 868 2161 praescriptos
911 2117 1001 2145 esse
1046 2108 1177 2144 certos
1222 2099 1421 2159 quosdam
1460 2098 1577 2148 fines,

194 2180 301 2225 ultra
334 2196 437 2238 quos
467 2180 664 2239 progredi
693 2196 778 2224 non
807 2181 961 2223 liceret.
1023 2181 1128 2223 Aliis
1169 2186 1315 2223 natura
1342 2178 1580 2236 impositum

291 2320 346 2366 (l)
371 2324 422 2355 lb.
446 2323 487 2364 1.,
517 2322 548 2363 1,
574 2321 607 2357 4.
636 2322 698 2358 cll.
723 2322 761 2363 1.,
787 2321 821 2362 2,
848 2322 884 2357 8.

293 2380 352 2429 (2)
378 2382 441 2420 Ar.
480 2384 552 2426 pol.
586 2384 623 2424 l,
648 2382 683 2423 2,
710 2383 753 2418 6.
788 2384 851 2423 cll,
876 2384 925 2424 1,,
958 2382 995 2423 2,
1034 2382 1066 2419 7.
1106 2384 1145 2424 1.,
1178 2382 1214 2423 2,
1241 2380 1298 2415 13.
1325 2381 1361 2423 2,
1389 2381 1436 2415 18
1460 2380 1496 2421 2,
1521 2379 1581 2414 22.

192 2446 255 2480 cll.
281 2451 365 2478 met.
386 2446 426 2487 1.,
459 2444 495 2480 2.
534 2444 621 2485 xn,
654 2444 702 2477 lo
726 2445 788 2482 cll,
813 2444 939 2486 Rapp,
965 2442 1175 2476 Aristoteles
1201 2443 1519 2485 staatspfldagogik
1545 2452 1578 2481 p.

193 2505 279 2541 264.
304 2517 379 2547 sqq.

293 2561 351 2610 (3)
377 2566 418 2607 1.,
443 2564 479 2607 2,
505 2565 564 2600 20.
613 2565 654 2596 ln
678 2565 733 2597 his
759 2565 839 2597 iure
872 2566 1005 2607 aliquis
1031 2564 1263 2597 Aristotelem
1289 2568 1420 2604 carpat,
1446 2561 1579 2603 quippe

194 2628 257 2669 qui
281 2628 402 2660 debito
426 2627 538 2667 magis
564 2625 751 2667 theoriam,
776 2636 896 2666 neque
921 2636 1005 2657 vero
1032 2626 1126 2657 vilae
1151 2624 1448 2657 cousuetudinem
1471 2627 1507 2655 et
1532 2623 1582 2654 ci-

194 2688 344 2722 vitatum
367 2697 482 2721 mores
507 2692 649 2720 secutus
675 2687 731 2722 sit.
758 2685 1051 2738 CllsFiilleborn
1078 2686 1122 2717 acl
1149 2686 1350 2718 versionem
1364 2685 1581 2717 Garvianam

195 2746 236 2786 r.
263 2748 320 2793 n„
344 2760 377 2794 p.
406 2746 610 2787 135-165.
