1799 3104
231 215 301 265 34

228 357 352 401 modo
382 357 608 409 declinare,
652 357 874 401 dummodo
916 362 1137 417 regnantes
1172 363 1213 401 et
1245 359 1439 403 custodes
1474 358 1624 418 guber-

227 437 373 478 nacula
404 443 586 487 teneant,
622 452 757 495 neque
791 439 966 478 civitatis
984 437 1126 479 Unitas
1160 436 1386 488 dirimatur,
1421 438 1472 480 ad
1504 452 1624 497 quam

227 515 418 559 omnibus
463 518 638 559 civitatis
682 518 880 559 institutis
919 517 1186 575 spectandum
1233 532 1323 559 esse
1355 516 1465 559 dicit.
1539 518 1625 559 Vix

227 608 327 635 vero
363 599 447 643 est,
481 593 593 651 quod
625 608 888 645 moneamus,
931 594 1051 636 talem
1083 595 1268 638 Platonis
1300 599 1486 653 tempore
1518 593 1623 637 inse-

226 674 382 714 riorum
420 673 565 731 populi
606 673 796 715 ordinum
829 672 969 729 *fuisse
998 673 1225 725 licentiam,
1257 680 1304 717 ut
1338 676 1414 716 iam
1446 674 1525 715 hoc
1559 689 1623 715 ar—

226 755 467 807 gumentum
499 749 648 792 debeat
680 750 799 793 nobis
829 749 1033 802 sufficere,
1069 766 1142 793 cur
1157 751 1290 810 plebis
1318 751 1623 795 multitudinem

227 831 403 872 civitatis
435 829 781 872 administrandae
813 836 971 888 partem
997 830 1151 872 nullam
1183 829 1335 872 habere
1364 830 1487 872 vellet
1506 829 1582 887 (1).

348 907 585 966 Descriptis
628 924 732 966 quae
766 916 863 951 sunt
896 925 950 951 ex
982 911 1187 952 sententia
1214 908 1399 952 Platonis
1439 908 1622 968 singulo-

226 1002 316 1030 rum
360 986 550 1030 ordinum
602 990 642 1030 in
677 990 840 1031 civitate
872 989 1113 1032 muneribus
1179 991 1352 1032 virtutes
1394 988 1623 1031 cuiusmodi

226 1068 308 1109 sint
332 1072 372 1108 et
389 1065 583 1109 ordinum
607 1069 725 1125 quasi
743 1073 927 1119 naturae,
962 1067 1081 1111 facile
1098 1073 1238 1126 potest
1263 1067 1447 1126 intelligi.
1482 1066 1617 1117 Quum

225 1153 361 1188 tamen
395 1160 538 1188 omnes
563 1148 818 1204 cognitiones
851 1149 922 1188 uni
955 1149 1075 1203 eique
1095 1161 1253 1188 summo
1286 1148 1489 1204 principio
1522 1146 1619 1188 sub-

225 1229 416 1275 strueret,
449 1229 490 1266 et
521 1239 648 1282 quum
666 1226 786 1267 etiam
821 1224 1059 1283 disciplinae
1091 1224 1363 1282 philosophae
1398 1239 1487 1266 cum
1513 1224 1619 1282 poli-

225 1305 303 1345 tica
340 1302 562 1361 perfectam
606 1285 806 1346 statueret
840 1303 1113 1354 Identitatem,
1150 1305 1386 1345 societatem
1410 1302 1619 1361 politicam

226 1381 370 1423 eadem
394 1396 476 1439 qna
501 1381 687 1439 singulos
707 1381 896 1425 homines
920 1384 1080 1425 ratione
1102 1381 1361 1424 considerare
1382 1380 1525 1425 debuit
1543 1380 1618 1439 (2).

225 1460 507 1503 Proficiscitur
538 1462 645 1502 euim
686 1476 707 1502 a
735 1462 975 1518 gravissimo
1008 1460 1077 1502 illo
1111 1466 1375 1518 argumento,
1417 1475 1619 1517 unquem-

225 1553 318 1597 que,
355 1553 446 1581 cum
478 1539 687 1596 propriam
722 1554 837 1582 suam
870 1538 1019 1582 habeat
1049 1544 1259 1590 naturam,
1293 1538 1337 1581 id
1366 1538 1517 1582 debere
1551 1554 1618 1581 co—

224 1620 333 1668 nari,
381 1623 450 1668 ut,
499 1632 605 1675 quae
658 1620 746 1660 eius
787 1620 889 1668 sint,
929 1634 1049 1675 quam
1092 1619 1394 1661 accuratissime
1435 1623 1619 1676 peragat.

324 1824 379 1870 (1)
408 1826 519 1858 Cuius
547 1827 598 1857 rei
627 1828 809 1858 veritatem
839 1838 910 1858 non
938 1832 1073 1868 poterat
1102 1827 1319 1868 praeclarius
1348 1827 1484 1869 eloqui,
1510 1838 1617 1868 quum

223 1889 267 1920 iis
297 1888 433 1929 verbis,
470 1898 562 1928 quae
598 1888 636 1919 iu
673 1889 821 1929 epistola
856 1889 893 1920 V.
921 1900 953 1930 p,
982 1887 1054 1920 322
1080 1889 1109 1919 B
1136 1893 1169 1920 et
1196 1889 1221 1920 G
1246 1889 1430 1929 leguntur.
1473 1890 1501 1920 A
1529 1900 1615 1930 quo-

224 1959 367 1990 cunque
395 1949 539 1980 demum
566 1949 694 1990 scripta
730 1953 781 1979 est
807 1949 895 1980 haec
923 1949 1076 1989 epistola
1093 1974 1102 1989 ,
1129 1954 1249 1981 tamen
1275 1959 1347 1981 non
1374 1954 1425 1981 est
1453 1949 1617 1991 dubium,

226 2011 318 2054 quin
345 2020 388 2041 ex
416 2010 544 2042 intimo
580 2010 737 2042 Platonis
763 2010 883 2041 auimo
920 2010 1009 2041 llaec
1043 2010 1152 2041 verba
1186 2010 1280 2042 (licta
1315 2011 1408 2053 sint3
1444 2021 1510 2043 nec
1545 2022 1618 2043 non

225 2071 407 2110 egregium
442 2071 699 2101 documentum
736 2071 837 2102 uobis
873 2070 1045 2111 praebent
1079 2071 1156 2102 eius
1182 2071 1259 2111 rei,
1296 2081 1401 2111 quam
1436 2081 1618 2113 uunquam

225 2142 295 2163 uon
324 2130 479 2172 profiteri
507 2131 708 2171 potuimus,
745 2131 931 2162 Platonem
958 2131 1095 2172 scriptis
1122 2132 1196 2163 suis
1232 2142 1303 2162 non
1329 2132 1434 2163 modo
1460 2132 1618 2174 philoso-

224 2192 345 2233 phiam
373 2191 417 2222 ad
450 2196 584 2223 rectam
620 2192 715 2223 viam
750 2192 906 2224 voluisse
944 2192 1103 2233 redigere
1138 2193 1176 2223 in
1211 2192 1361 2233 eiusque
1396 2193 1471 2223 vim
1509 2197 1616 2233 atque

223 2251 385 2283 indolem
412 2252 521 2284 altius
548 2252 749 2293 inquirere,
784 2253 845 2284 sed
882 2253 988 2284 etiam
1026 2263 1166 2285 morum
1193 2253 1319 2294 populi
1345 2252 1403 2291 sui
1437 2252 1616 2292 integrita-

222 2318 296 2344 tem
321 2312 510 2344 restituere
538 2318 572 2344 et.
598 2319 756 2345 veterem
783 2313 1005 2345 Graecorum
1031 2313 1191 2345 indolem
1224 2312 1325 2355 quasi
1357 2311 1614 2354 redintegrare,

224 2373 386 2405 Conferri
412 2373 521 2405 iubeo
549 2375 652 2415 epist.
680 2374 749 2405 Vll.
775 2384 852 2417 pag.
879 2373 953 2406 325
978 2374 1020 2410 Ε.

323 2431 377 2478 (2)
405 2434 507 2466 Unde
534 2435 837 2475 Morgensternius
864 2435 900 2466 in
930 2446 1006 2467 eam
1030 2436 1244 2467 sententiam
1258 2434 1433 2466 adductus
1449 2439 1510 2476 est,
1536 2435 1615 2467 Pla-

223 2502 342 2528 tonem
370 2496 551 2538 explicare
579 2495 748 2536 voluisse,
775 2506 868 2537 quae
895 2507 1101 2529 communes
1129 2500 1247 2527 essent
1279 2495 1375 2535 leges
1400 2496 1553 2528 morales
1581 2501 1616 2528 et

223 2556 446 2596 singulorum
473 2557 662 2589 homiuum
689 2562 725 2589 et
751 2557 858 2588 totius
884 2558 1051 2590 civitatis.

321 2613 374 2657 (3)
401 2617 447 2648 cf.
475 2618 517 2648 de
544 2628 618 2659 rep.
647 2618 688 2657 11,
715 2629 746 2658 p.
774 2616 847 2649 370
873 2618 910 2648 C.
947 2629 982 2658 p.
1017 2615 1090 2648 374
1125 2616 1162 2649 C.
1192 2616 1360 2647 Custodes
1396 2617 1504 2648 simul
1540 2627 1612 2648 rem

220 2676 414 2709 militarem
442 2681 477 2706 et
502 2677 755 2715 agriculturam
783 2686 947 2710 exercere
982 2676 1112 2708 debere
1139 2675 1240 2708 Plato
1274 2682 1396 2718 negat,
1434 2688 1527 2719 quae
1553 2678 1614 2710 lex

220 2737 325 2770 etiam
340 2735 433 2779 apud
449 2735 636 2778 Spartanos
663 2737 735 2767 lata
763 2747 836 2768 esse
851 2737 1099 2769 abAristotele
1119 2736 1276 2778 traditur,
1304 2738 1406 2780 polit.
1434 2738 1475 2781 ll,
1502 2738 1612 2781 2,11.
