1799 3104
188 230 218 277 6

184 374 237 413 tis
269 377 456 428 tempora
498 373 661 414 exculta
694 380 830 424 erant,
870 375 1167 431 perscrutando
1202 382 1242 417 et
1271 380 1403 421 varias
1437 386 1574 436 partes

185 450 304 491 aliam
333 450 383 493 ab
414 450 493 492 alia
524 466 682 493 summo
715 454 869 510 ingenii
900 456 1084 496 acumine
1118 453 1429 511 distinguendo,
1461 470 1574 498 suam

184 531 332 586 cuique
391 531 472 571 vim
524 537 563 572 et
617 532 826 572 notionem
873 533 1106 575 vindicavit.
1195 533 1364 575 Etiamsi
1421 536 1575 576 utrius-

185 622 266 665 qen
294 608 532 665 philosophi
564 609 856 650 sententiarum
889 609 1000 651 haud
1033 613 1182 669 exigua
1218 625 1306 652 esse
1339 609 1575 668 discrepan-

161 688 241 729 *tia
281 687 369 726 visa
413 686 478 734 sit,
521 683 610 725 fieri
646 688 782 727 tamen
822 702 904 728 non
932 690 1088 743 potuit,
1133 691 1232 745 quin
1260 704 1336 746 pro
1368 703 1430 738 eo,
1465 687 1576 744 quod

184 768 431 820 spectarent,
468 762 637 804 consilio
675 762 801 805 multa
836 779 999 821 quoque
1030 765 1243 816 haberent,
1278 766 1328 807 de
1361 764 1509 822 quibus
1542 765 1576 806 si

186 856 271 884 non
302 841 460 892 eodem,
496 848 604 884 certe
638 842 761 884 simili
794 842 917 885 modo
944 845 1155 885 sentirent.
1220 843 1381 885 Etenim
1402 859 1482 900 quo
1501 845 1574 884 mi-

185 935 262 962 nus
290 920 539 962 Aristoteles
574 923 614 961 in
648 921 819 977 singulis
842 921 1002 978 placitis
1038 936 1127 963 cum
1152 921 1323 963 Platone
1356 935 1447 963 sese
1479 935 1575 962 con-

187 1001 339 1041 sentire
382 998 554 1049 fatetur,
601 1014 649 1040 eo
695 1001 823 1040 maior
855 999 1079 1041 similitudo
1118 999 1372 1041 intercedere
1416 998 1577 1040 videtur

184 1077 333 1119 multas
369 1079 477 1119 inter
511 1079 759 1126 sententias,
797 1077 946 1134 quibus
981 1092 1137 1120 summa
1163 1076 1450 1135 philosophiae
1480 1090 1575 1118 con-

185 1158 353 1198 tinetur.
419 1155 540 1205 Quod
573 1163 619 1198 ut
652 1156 702 1197 de
734 1156 924 1197 omnibus
954 1155 1040 1197 fere
1071 1155 1199 1206 libris,
1234 1158 1289 1197 ita
1320 1157 1495 1197 maxime
1526 1154 1576 1196 de

183 1234 284 1286 illis,
327 1249 430 1293 quos
469 1235 519 1277 de
561 1234 736 1293 politicis
778 1240 817 1276 et
860 1233 1002 1276 ethicis
1037 1235 1382 1292 conscripserunt,
1411 1232 1577 1291 probari

184 1319 337 1371 potest.
402 1314 524 1355 Plato
566 1316 673 1355 enim
707 1316 747 1355 in
782 1313 896 1355 libris
923 1312 973 1354 de
1007 1313 1216 1369 republica
1248 1314 1408 1369 scriptis
1443 1314 1574 1353 animo

185 1406 260 1433 suo
303 1389 564 1433 informatam
604 1390 848 1434 adumbrare
892 1390 1021 1432 voluit
1059 1389 1192 1432 ideam
1227 1391 1422 1441 civitatis,
1458 1390 1575 1447 cujus

183 1485 325 1512 omnes
358 1471 641 1512 institutiones
678 1475 816 1511 essent
850 1468 1065 1518 eiusmodi,
1102 1483 1205 1525 quae
1237 1473 1409 1525 possent
1443 1468 1574 1510 homi-

182 1563 275 1590 nem
307 1548 512 1591 adducere
546 1548 597 1590 ad
630 1548 672 1590 id
707 1547 819 1604 quod
852 1547 951 1589 dicit
990 1545 1179 1600 ὃμοίωσιν
1216 1551 1271 1599 τῷ
1303 1551 1401 1599 θεῷ.
1464 1546 1574 1588 Idem

183 1632 319 1668 autem
347 1627 424 1668 vel·
439 1626 569 1668 simile
595 1625 695 1682 quid
721 1625 832 1667 haud
866 1624 990 1667 dubie
1011 1626 1133 1666 etiam
1161 1624 1378 1667 Aristoteli
1410 1626 1452 1666 in
1476 1625 1573 1667 scri-

184 1706 280 1761 ptis,
318 1719 422 1761 quae
457 1709 554 1746 sunt
578 1703 628 1746 de
652 1703 829 1760 politicis
862 1702 999 1753 rebus,
1033 1705 1292 1760 propositum
1316 1702 1407 1745 fuit.
1470 1702 1575 1745 lllud

182 1787 318 1824 autem
357 1784 587 1839 putaverim
630 1784 841 1839 proprium
890 1783 1016 1823 totius
1056 1781 1344 1839 philosophiae
1374 1781 1572 1831 Graecae,

182 1862 243 1901 rei
272 1862 405 1917 ipsius
430 1860 608 1902 indolem
645 1875 734 1901 cum
768 1861 857 1917 ipsa
890 1861 1097 1902 exteriore
1134 1861 1222 1901 eius
1262 1861 1437 1917 imagine
1478 1874 1573 1901 con-

180 1943 338 1981 textam
393 1953 497 1982 esse.
587 1938 840 1996 Principium
891 1939 1015 1997 igitur
1057 1953 1215 1981 morum
1262 1943 1384 1995 atque
1435 1939 1573 1982 civita-

180 2017 233 2058 tis
274 2031 359 2059 non
401 2016 534 2059 solum
566 2018 607 2058 in
640 2016 811 2074 singulis
843 2015 966 2058 rebus
997 2017 1122 2073 gestis
1166 2021 1206 2058 et
1246 2015 1573 2059 institutionibus

180 2095 392 2136 civitatum
427 2096 694 2152 gentiumque
741 2094 814 2135 sed
867 2095 987 2135 etiam
1029 2095 1071 2135 in
1115 2095 1183 2143 iis,
1227 2109 1329 2150 quae
1376 2094 1493 2136 Plato
1536 2099 1576 2136 et

181 2171 428 2215 Aristoteles
471 2171 522 2214 de
565 2172 727 2214 civitate
769 2176 809 2213 et
852 2170 902 2213 de
942 2172 1092 2214 virtute
1126 2177 1423 2230 exposuerunt,
1455 2186 1573 2229 pror·

172 2265 253 2292 vsus
290 2250 516 2293 coalescere
559 2249 757 2292 videmus.
824 2249 937 2299 Quae
971 2265 1059 2301 res,
1102 2265 1194 2294 cum
1226 2251 1443 2307 utriusque
1480 2249 1573 2308 phi-

181 2327 347 2386 losophi
380 2330 529 2386 scripta
553 2329 720 2387 politica
742 2329 1011 2387 perlegerem,
1043 2334 1083 2372 et
1111 2330 1352 2388 gravissima
1382 2327 1481 2371 mihi
1511 2330 1572 2371 vi-

180 2405 369 2456 debatur,
401 2421 536 2462 neque
566 2412 655 2449 acta
679 2412 865 2449 acturum
897 2422 961 2450 me
979 2407 1188 2464 putabam,
1213 2408 1248 2448 si
1281 2408 1446 2449 omnino
1474 2420 1573 2450 con·

180 2483 426 2534 siderarem,
477 2498 675 2540 quaenam
712 2485 765 2526 sit
796 2486 1013 2542 utriusque
1046 2485 1197 2541 operiS‚
1230 2483 1415 2527 Platonis
1445 2484 1571 2528 libro-

179 2576 269 2602 rum
301 2563 370 2618 qui
399 2560 450 2603 de
481 2560 693 2619 republica
714 2567 755 2604 et
787 2562 1026 2605 Aristotelis
1053 2562 1122 2619 qui
1155 2560 1206 2604 de
1238 2561 1416 2619 politicis
1445 2562 1569 2607 rebus

179 2640 399 2696 conscripti
432 2644 541 2687 sunt,
576 2645 617 2681 et
650 2638 926 2697 discrepantia
956 2645 997 2682 et
1028 2638 1266 2704 similitudo.

302 2714 424 2764 Quod
467 2722 515 2759 ut
548 2731 845 2776 exsequamur,
891 2720 1067 2777 primum
1113 2719 1247 2777 ipsum
1283 2725 1568 2779 argumentum
