1799 3104
200 242 270 291 20

198 381 364 438 aliquod
399 386 439 421 et
471 384 602 422 totum
635 380 713 422 sibi
740 378 910 438 effingit,
944 380 995 422 ad
1013 379 1123 437 quod
1155 384 1201 423 ut
1219 382 1432 437 perveniat
1463 393 1587 437 quae-

198 473 360 516 cunque
401 459 509 517 agit,
554 460 611 501 sic
642 473 719 501 rex
747 472 910 516 quoque
939 458 1019 502 tale
1051 457 1149 516 quid
1182 457 1304 501 debet
1331 460 1590 518 propositum

196 536 363 587 habere,
396 537 515 593 cujus
536 539 625 594 ipse
657 551 741 578 non
759 536 905 588 solum,
940 537 1013 580 sed
1032 536 1216 595 singulae
1235 551 1399 593 quoque
1418 538 1589 579 civitatis

198 620 337 673 partes
353 630 430 673 pro
461 630 534 656 sua
558 629 746 672 quaeque
769 614 907 657 indole
926 617 1147 673 participes
1165 616 1247 658 sint
1264 612 1340 672 (1).
1372 613 1495 663 Quod
1512 614 1591 657 nisi

197 692 290 744 fiat,
335 694 399 734 sui
439 707 522 734 non
567 694 755 734 conscius
795 698 900 750 aget.
966 693 1262 736 Hancmentis
1302 693 1591 736 conscientiam

196 771 435 828 philosophi
467 770 518 813 de
551 772 719 813 summis
736 770 860 814 rebus
879 774 1114 828 quaerentis
1153 772 1361 830 praeclare
1395 769 1589 815 dascribit

196 864 237 908 p.
271 847 374 892 505.
407 848 454 891 E.

324 927 420 969 Idea
462 927 558 969 boni
600 930 706 969 enim
747 943 821 970 nos
863 928 1003 980 docet,
1048 934 1250 986 quatenus
1287 928 1380 970 illae
1419 929 1591 969 virtutes

198 1006 330 1046 bonae
366 1007 469 1055 sint,
505 1006 562 1061 (p.
598 1003 686 1047 506
716 1005 787 1062 Α).
854 1005 963 1055 Quid
999 1009 1125 1066 igitur
1155 1012 1218 1049 est
1249 1005 1352 1048 illud
1385 1004 1497 1064 quod
1530 1003 1591 1045 di-

199 1086 253 1126 cit
285 1098 447 1126 causam
475 1098 565 1126 esse
598 1084 744 1126 harum
776 1087 1008 1128 virtutum?
1048 1086 1167 1130 Certe
1208 1085 1302 1128 idea
1331 1085 1430 1128 boni
1457 1085 1588 1125 virtus

197 1177 280 1204 non
312 1167 396 1211 est,
430 1176 522 1203 nam
556 1163 718 1203 virtutis
752 1162 830 1204 hoc
866 1169 927 1205 est
959 1166 1187 1221 proprium,
1221 1169 1267 1206 ut
1298 1163 1473 1221 aliquam
1501 1175 1587 1204 rem

199 1241 335 1290 talem,
371 1240 532 1296 qualem
565 1244 711 1281 natura
746 1255 883 1282 secum
917 1240 1017 1291 fert,
1050 1241 1209 1299 agendo
1242 1240 1414 1290 efficiat,
1455 1242 1510 1281 ita
1543 1244 1588 1280 ut

195 1317 371 1376 prodeat
399 1316 625 1359 secundum
645 1322 831 1359 naturam
849 1320 885 1359 ei
903 1320 1097 1360 innatam.
1134 1318 1263 1375 Cujus
1292 1332 1390 1359 vero
1422 1317 1585 1358 virtutis

196 1401 278 1446 est,
314 1400 360 1437 ut
399 1396 547 1436 mentis
580 1398 750 1450 ἐνεργείᾳ
785 1394 937 1437 efficiat
978 1410 1174 1438 summam
1209 1395 1318 1437 illam
1338 1419 1340 1421 ·
1359 1396 1585 1443 veritatem,

197 1475 220 1515 i.
258 1489 291 1516 e.
323 1472 457 1515 ideam
489 1471 646 1515 boniin
681 1474 814 1515 animo
833 1478 976 1516 nostro
1005 1474 1307 1516 exsistentem?
1338 1473 1412 1515 Est
1443 1475 1585 1526 σοφίας

194 1566 268 1593 seu
301 1548 538 1606 φρονήσεως.
604 1550 743 1607 Itaque
761 1549 987 1606 φρονήσεως
1019 1552 1151 1594 altior.
1193 1551 1329 1593 Ideam
1357 1565 1453 1593 vero
1485 1549 1583 1592 boni

195 1631 346 1672 intueri
389 1644 473 1671 non
514 1634 576 1671 est
626 1630 755 1686 ipsam
797 1645 979 1681 causam,
1021 1630 1094 1672 sed
1136 1629 1213 1672 Dei
1259 1628 1580 1678 similitudinem,

196 1723 318 1764 quam
349 1709 508 1749 animus
541 1708 689 1763 spirat,
725 1722 984 1764 cognoscere,
1026 1723 1130 1764 quae
1156 1713 1315 1750 constat
1348 1710 1391 1749 iu
1423 1707 1583 1765 perspi—

196 1785 341 1827 ciendo
391 1785 586 1826 interiore
636 1784 812 1842 quodam
864 1791 1086 1836 concentu,
1144 1785 1331 1836 Unitate,
1375 1800 1479 1842 quae
1521 1785 1582 1826 uti

195 1863 367 1920 singulis
400 1862 536 1911 rebus,
572 1863 628 1903 ita
662 1864 919 1905 universitati
947 1879 1085 1906 rerum
1118 1866 1237 1906 inest.
1303 1862 1437 1912 Quare
1454 1864 1488 1904 si
1519 1863 1581 1903 in-

192 1940 345 1998 telligo,
366 1945 568 1997 quatenus
590 1940 682 1982 illae
699 1942 872 1983 virtutes
890 1941 1023 1984 bonae
1041 1943 1137 1992 sint,
1156 1941 1354 1999 intelligo,
1375 1938 1581 1997 quomodo

194 2018 245 2059 ad
278 2017 459 2074 singulas
492 2032 558 2059 res
594 2023 634 2059 et
666 2018 852 2060 homines
886 2022 969 2060 sint
1000 2019 1165 2061 relatae.
1230 2017 1372 2075 Itaque
1404 2032 1456 2059 ne
1489 2018 1579 2074 quis

194 2100 351 2138 tantum
392 2093 499 2157 forte
541 2101 580 2137 et
625 2097 784 2138 inscius·
820 2097 993 2138 virtutes
1043 2101 1254 2145 exerceat,
1307 2094 1441 2138 ideam
1481 2094 1579 2137 boni

194 2178 451 2231 perspectam
495 2172 646 2218 habeat
693 2188 862 2216 necesse
896 2179 979 2225 est,
1016 2173 1066 2217 de
1098 2189 1178 2232 qua
1210 2173 1402 2218 Socrates
1435 2174 1477 2216 in
1512 2187 1576 2215 se-

194 2251 414 2308 quentibus
445 2251 541 2294 inde
574 2267 598 2292 a
638 2267 729 2309 pag.
776 2251 863 2294 506
896 2252 942 2294 Ε.
985 2252 1222 2310 disputandi
1265 2253 1426 2293 initium
1459 2249 1576 2291 facin

194 2327 326 2376 Quem
364 2327 515 2382 ἔκγονον
556 2328 728 2379 dixerit,
780 2332 915 2372 statim
956 2329 1188 2387 apparebit,
1237 2330 1327 2384 ipsa
1368 2341 1576 2384 compara-

189 2407 304 2447 tione
347 2419 555 2462 expressa.
620 2405 811 2449 Omnium
841 2421 993 2456 rerum,
1026 2407 1185 2462 inquit,
1233 2418 1304 2446 eae
1338 2418 1441 2460 quae
1483 2405 1575 2446 visu

191 2487 519 2541 cognoscuntur,
564 2483 810 2525 clarissimae
839 2489 936 2526 sunt
974 2488 1014 2525 et
1047 2483 1214 2525 omnino
1247 2482 1359 2524 visus
1393 2482 1574 2524 omnium

190 2575 384 2604 sensuum
427 2560 548 2619 longe
589 2566 651 2604 est
697 2561 1010 2619 pulcherrimus.
1083 2559 1301 2603 Enimvero
1346 2564 1394 2603 ut
1439 2573 1576 2603 rerum

288 2727 342 2773 (1)
369 2741 401 2771 p.
428 2729 500 2762 506
522 2728 570 2764 A.
599 2730 661 2764 cll.
686 2732 769 2772 Vll.,
794 2742 828 2773 p.
854 2730 927 2764 519
954 2732 991 2765 C.
