1799 3104
1493 293 1563 344 43

182 454 279 483 vero
319 438 519 481 rationem
551 435 692 480 studet
723 434 961 492 explorare,
997 449 1076 491 qua
1106 441 1242 492 partes
1279 437 1452 478 civitatis
1486 436 1569 478 sint

184 522 223 560 et
260 530 351 558 cum
386 530 433 558 ea
475 515 720 559 cohaereant
745 510 821 570 (1).
892 512 1075 555 Maxime
1122 526 1219 554 vero
1266 513 1343 555 hoc
1389 513 1566 572 probare

182 594 291 646 vult,
333 600 609 651 omnesquas
642 591 707 634 his
738 591 949 634 elementis
986 593 1159 634 virtutes
1198 597 1238 633 et
1266 593 1567 649 singularitates

182 672 355 724 tribuat,
397 670 592 729 quamdiu
630 684 705 726 per
738 685 781 712 se
816 672 1018 712 exsistant
1050 671 1111 711 vel
1141 685 1163 711 a
1194 670 1447 728 reipublicae
1477 673 1566 712 vin-

182 751 272 794 culo
308 754 558 808 segregatae,
592 762 676 790 non
707 750 785 790 nisi
817 748 1076 806 imperfectas
1112 764 1202 791 esse
1233 764 1367 806 neque
1397 754 1568 791 naturae

180 831 229 871 iis
257 830 421 870 innatae
453 828 630 885 speciem
654 841 752 884 prae
785 842 828 868 se
861 826 981 868 ferre.

299 906 346 947 In
371 904 553 947 secundo
586 904 691 948 libro
720 906 1000 948 institutiones
1035 906 1209 947 civitatis
1229 911 1317 947 tum
1352 921 1432 956 eas,
1467 921 1568 963 quas

180 983 417 1044 philosophi
448 988 489 1026 et
511 983 695 1026 historici
724 983 896 1025 antehac
925 985 1186 1041 posuissent,
1229 992 1317 1026 tum
1356 983 1444 1035 has,
1478 986 1569 1041 qui-

181 1063 258 1105 bus
290 1076 401 1104 nunc
432 1061 684 1118 (Aristotelis
717 1062 919 1119 tempore)
952 1068 1095 1120 gentes
1130 1067 1357 1112 uterentur,
1389 1063 1569 1105 breviter

180 1155 398 1185 recensere
432 1139 510 1183 sibi
542 1142 749 1198 poposuit.
813 1140 956 1197 Itaque
989 1140 1039 1181 de
1069 1140 1241 1183 Platone
1260 1140 1343 1198 (2),
1376 1141 1427 1183 de
1459 1141 1569 1183 Pha-

180 1221 256 1271 lea‚
293 1219 469 1276 denique
505 1218 555 1261 de
596 1218 857 1277 Hippodamo
882 1217 943 1276 (3)
988 1219 1165 1262 disserit.
1236 1219 1281 1262 In
1313 1226 1429 1277 parte
1471 1235 1569 1263 vero

179 1298 303 1340 huius
333 1297 427 1340 libri
459 1296 585 1339 altera
615 1296 844 1348 Laconum,
896 1297 1152 1340 Cretensium
1188 1303 1228 1339 et
1261 1297 1569 1357 Carthaginien-

181 1379 285 1420 sium
315 1375 607 1434 rempublicam
638 1376 855 1433 descripsit
873 1376 959 1432 (4);
994 1379 1035 1418 in
1067 1379 1188 1418 tertia
1217 1376 1395 1434 denique
1432 1380 1565 1420 consi-

177 1454 235 1506 lii,
267 1453 378 1512 quod
409 1455 526 1505 viris,
566 1455 635 1511 qui
677 1468 761 1495 non
795 1453 1027 1496 conditores
1063 1454 1229 1512 quidem
1263 1455 1460 1506 civitatis,
1493 1455 1567 1497 sed

177 1533 431 1591 legislatores
467 1537 575 1574 certe
609 1533 863 1582 exstiterint,
899 1532 1064 1584 Soloni,
1099 1532 1314 1592 Lycurgo,
1344 1533 1494 1575 Pericli
1527 1538 1567 1575 et

179 1610 280 1662 aliis,
312 1624 414 1668 quos
438 1610 504 1653 hic
522 1611 863 1661 commemoravit,
896 1609 1034 1661 fuerit,
1068 1610 1235 1653 brevem
1259 1613 1445 1654 notitiam
1467 1626 1565 1654 con-

179 1691 354 1747 signavit
370 1689 447 1746 (5),
510 1688 735 1731 Nobiscum
767 1690 933 1731 omnino
976 1692 1287 1732 communicavit
1318 1691 1567 1733 Aristoteles

178 1767 243 1810 his
279 1767 421 1825 primis
457 1765 572 1809 libris
612 1767 768 1817 omnia2
817 1781 922 1825 quae
971 1782 1113 1810 omnes
1158 1768 1262 1811 scire
1305 1773 1498 1827 oportere
1532 1770 1568 1811 ei

181 1848 314 1888 visum
343 1850 425 1896 est,
463 1850 512 1887 ut
544 1843 597 1887 ad
620 1846 830 1888 notionem
860 1848 1033 1888 civitatis
1070 1852 1110 1888 et
1137 1845 1189 1888 ad
1228 1848 1340 1889 varia
1374 1849 1462 1890 eius
1497 1862 1567 1906 ge-

180 1938 279 1967 nera
309 1922 595 1983 cognoscenda
621 1924 783 1981 possint
815 1923 952 1967 adiret
997 1924 1110 1983 leges
1143 1929 1327 1976 naturae,
1364 1941 1386 1967 a
1419 1925 1567 1983 quibus

180 2002 454 2061 proficiscitur
484 2004 660 2045 civitatis
693 2004 822 2061 origo,
858 2009 899 2046 et
931 2018 1034 2061 quae
1066 2004 1162 2046 inde
1191 2005 1445 2046 necessariae
1478 2006 1566 2046 eius

179 2087 317 2141 partes
349 2086 598 2133 nascuntur3
640 2079 789 2124 deinde
827 2082 1040 2126 historiam
1083 2097 1246 2134 eorum,
1289 2097 1392 2140 quae
1417 2083 1484 2125 alii
1517 2083 1567 2125 de

179 2161 390 2220 republica
420 2167 734 2219 proposuerant.

300 2240 524 2297 Postquam
548 2240 673 2297 igitur
705 2239 755 2280 de
773 2241 948 2282 civitatis
968 2240 1179 2282 elementis
1210 2241 1305 2297 egit,
1338 2241 1415 2281 iam
1436 2242 1569 2282 tertia

180 2323 297 2376 parte
328 2318 453 2360 huius
479 2318 629 2375 operis,
656 2332 760 2375 quae
784 2319 950 2360 tertium
984 2318 1036 2359 ad
1068 2323 1222 2361 sectum
1255 2333 1388 2376 usque
1418 2318 1566 2361 librum

183 2396 478 2455 complectitur,
507 2401 692 2439 naturam
726 2395 973 2454 reipublicae
1021 2395 1190 2440 definire
1232 2398 1415 2448 enititur,
1450 2399 1564 2440 cuius

187 2498 254 2506 —-

278 2560 332 2605 (1)
359 2562 412 2594 Id.
438 2562 488 2597 ib.
517 2562 560 2604 1.,
585 2560 621 2597 5.

279 2618 338 2666 (2)
364 2622 419 2657 lb.
445 2622 500 2664 11.‚
527 2621 635 2657 1-3,

280 2679 338 2728 (3)
366 2683 419 2720 lb,
446 2683 500 2725 n,
526 2681 550 2715 4
576 2688 610 2716 et
635 2681 669 2717 5.

279 2739 336 2785 (4)
360 2744 412 2780 lb.
438 2744 493 2784 n„
519 2743 626 2779 6-8,

279 2796 340 2843 (5)
365 2803 418 2841 lb,
443 2803 499 2845 11„
526 2803 560 2838 9.
