1799 3104
2 1953 12 2020 «ἣν,
11 1872 13 1918 .,.

537 1041 1054 1106 PRAEFATIO.

656 1336 826 1386 „ot'xkofi‘c
860 1335 1028 1382 οεμῦἓος
1072 1339 1133 1385 τῆς
1157 1334 1350 1385 ἅληβεὶας
1378 1330 1491 1388 ἕῳυᾍ*

708 1404 798 1437 Eur.
829 1404 962 1440 Phoen,
989 1402 1072 1436 479.

101 1555 276 1627 Studia
293 1586 476 1627 Platonis
510 1591 550 1626 et
571 1585 807 1627 Aristotelis
846 1584 1042 1626 librorum
1075 1584 1264 1627 omnibus
1298 1600 1372 1627 nec
1404 1600 1488 1627 non

96 1664 247 1705 nostris
286 1661 540 1720 temporibus
581 1663 688 1703 inter
722 1676 879 1704 summa
914 1660 1094 1703 fuerunt.
1157 1661 1260 1704 Nam
1300 1661 1486 1719 profecto

95 1741 316 1797 utriusque
349 1741 426 1781 viri
460 1739 687 1781 doctrinam
716 1754 801 1781 non
825 1737 947 1780 modo
977 1738 1280 1796 philosophiae,
1308 1739 1382 1781 sed
1402 1755 1489 1781 om-

96 1819 209 1859 nium
253 1816 339 1859 fere
380 1816 610 1860 studiorum
649 1817 913 1859 humanitatis
964 1822 1004 1858 et
1040 1817 1249 1858 literarum
1288 1818 1489 1875 principia

97 1896 328 1946 continere,
370 1896 500 1954 ipsius
534 1909 631 1937 vero
664 1895 918 1953 antiquitatis
953 1893 1133 1936 indolem
1163 1894 1215 1936 ad
1247 1893 1382 1936 fontes
1417 1909 1488 1937 us-

97 1988 175 2029 que
216 1972 471 2024 exhausisse,
507 1975 597 2030 quis
631 1979 693 2015 est
727 1974 796 2030 qui
821 1973 978 2030 neget?
1050 1972 1267 2014 Enimvero
1304 1972 1421 2014 Plato
1446 1972 1491 2014 id

96 2049 307 2101 studebat,
347 2056 396 2093 ut
423 2066 506 2093 uno
538 2052 655 2108 quasi
689 2050 838 2093 obtutu
871 2049 1051 2108 singulas
1085 2065 1150 2092 res
1182 2050 1263 2092 huc
1295 2050 1390 2091 illuc
1426 2049 1486 2091 di-

95 2142 256 2185 spersas
297 2129 520 2185 respiciens
561 2127 612 2170 ad
656 2128 861 2171 Unitatem
905 2127 1113 2185 redigeret
1152 2133 1192 2169 et
1236 2142 1300 2169 res
1334 2133 1484 2184 gestas,

93 2219 242 2254 mores,
272 2205 448 2261 ingenia,
479 2206 614 2245 omnia
645 2205 822 2260 denique
856 2210 1039 2247 veterum
1080 2204 1217 2246 studia
1249 2205 1369 2245 certis
1400 2203 1485 2246 for-

94 2282 169 2324 mis
201 2279 578 2339 comprehenderet.
642 2279 889 2322 Aristoteles
912 2295 1024 2331 vero,
1058 2282 1128 2337 qui
1156 2279 1331 2322 Platone
1362 2280 1484 2323 altius

96 2361 232 2401 omnia
261 2360 395 2402 animo
427 2359 662 2417 perspexit,
698 2341 953 2415 singularum
986 2373 1124 2400 rerum
1156 2360 1370 2400 notionem
1403 2373 1482 2401 un-

96 2435 218 2494 dique
253 2442 294 2480 et
325 2439 368 2480 in
401 2436 589 2481 omnibus
629 2434 813 2495 partibus
848 2435 1102 2494 disquirens,
1147 2437 1203 2479 ita
1242 2442 1289 2479 ut
1329 2436 1484 2478 altiori-

95 2512 171 2555 bus
214 2514 475 2558 substrueret
515 2514 731 2563 inferiora,
766 2515 893 2556 totius
932 2514 1076 2556 mundi
1112 2519 1152 2556 et
1194 2515 1264 2570 qui
1296 2513 1485 2555 sensibus

95 2593 253 2650 percipi
294 2597 336 2635 et
367 2594 437 2651 qui
466 2597 603 2636 mente
643 2590 813 2650 intelligi
852 2596 1010 2650 potest,
1060 2598 1141 2633 tam
1175 2592 1484 2634 universitatem

97 2682 218 2725 quam
248 2671 465 2728 utriusque
494 2684 725 2715 connexum
758 2668 978 2713 ostendere
1019 2669 1189 2713 studuit.
1254 2670 1379 2712 Artes
1412 2685 1484 2712 au-

97 2749 181 2790 tem
211 2745 399 2804 liberales
433 2754 476 2794 et
506 2749 644 2805 studia
665 2748 891 2801 hominum,
921 2753 1123 2808 quatenus
1155 2763 1230 2807 per
1263 2750 1482 2808 antiquita-
