1799 3104
195 241 263 290 36

196 386 228 425 si
260 383 438 425 hominis
488 389 634 427 natura
678 391 739 428 est
772 400 840 436 ea,
873 390 920 428 ut
952 390 1033 428 tam
1066 387 1106 428 in
1147 386 1362 444 cogitando
1396 402 1516 446 quam
1544 388 1587 429 in

195 462 354 521 agendo
390 465 573 506 omnium
598 466 719 507 animi
754 466 929 523 partium
964 471 1004 508 et
1034 467 1091 512 ita
1113 466 1311 508 virtutum
1342 480 1585 510 consensum

191 540 388 593 effecerit,
415 549 502 585 tum
532 544 703 586 dicimus
738 560 830 586 eum
867 560 920 587 ex
949 551 1085 587 mente
1117 546 1297 587 iustitiae
1338 560 1471 603 agere.
1537 545 1583 588 Si

190 620 314 663 homo
346 620 388 663 id
429 619 546 672 facit,
582 622 696 678 quod
726 625 812 665 eius
846 629 908 666 est
941 629 1133 676 naturae,
1168 638 1260 666 eum
1291 624 1445 666 iustum
1474 623 1582 666 iudi-

191 714 341 742 camus.
407 700 488 741 Iam
532 705 693 742 ceterae
724 702 921 743 virtutes:
962 706 1098 756 σοφία,
1135 702 1317 759 ἀνδρεία,
1350 700 1582 758 σωφροσύνη

192 785 288 821 sunt
321 777 418 830 ἔξεις
461 777 786 837 quodammodo,
830 795 934 838 quae
964 780 1094 824 tribus
1127 781 1206 823 illis
1237 780 1450 825 ordinibus
1493 795 1582 824 cor-

189 858 457 916 respondent.
534 857 771 915 Sapientiae
814 861 940 916 igitur
981 865 1061 910 est,
1103 861 1335 903 universam
1380 862 1582 902 civitatem

188 951 330 994 regere
364 935 440 994 (1).
535 935 667 979 Debet
711 953 809 980 vero
851 938 1045 981 accedere
1092 937 1271 996 ἀνδρεία,
1321 954 1367 982 ea
1415 940 1581 990 virtus,-

189 1031 268 1073 qua
315 1015 419 1066 idea,
482 1031 603 1072 quam
658 1022 795 1059 mente
852 1020 1045 1060 creatrice
1102 1020 1444 1077 excogitavimus,
1510 1031 1578 1058 co-

187 1096 400 1152 gnoscitur
439 1096 482 1135 in
522 1094 694 1152 singulis
728 1095 851 1138 rebus
894 1096 1100 1154 gerendis.
1163 1096 1266 1139 Nam
1298 1098 1360 1139 uti
1401 1096 1583 1139 universi

188 1175 310 1216 animi
360 1187 407 1215 ea
458 1180 519 1215 est
556 1178 721 1225 natura,
759 1179 817 1216 ,ut
858 1189 923 1215 res
968 1174 1017 1216 ab
1062 1190 1109 1217 eo
1153 1180 1311 1218 creatae
1342 1190 1426 1218 non
1458 1173 1580 1216 modo

186 1252 286 1295 fiant
319 1258 359 1294 et
388 1254 491 1302 sint,
527 1252 600 1294 sed
630 1258 677 1294 ut
709 1268 784 1310 per
817 1268 859 1294 se
895 1255 977 1295 sint
1010 1254 1078 1310 (an
1112 1253 1197 1295 sich
1229 1254 1355 1310 sein),
1389 1255 1445 1295 ita
1477 1267 1580 1310 quo-

188 1347 268 1389 que
301 1330 460 1387 οἷνδρεία
477 1331 662 1374 Platonis
695 1346 778 1373 non
807 1346 920 1373 mera
953 1337 1014 1374 est
1042 1330 1257 1383 fortitudo,
1291 1346 1396 1390 quae
1431 1332 1473 1373 in
1497 1331 1580 1373 sin-

187 1410 294 1468 gulis
325 1410 450 1453 rebus
484 1412 610 1468 gestis
646 1412 849 1452 cernitur:
880 1410 954 1452 sed
985 1416 1047 1452 est
1079 1412 1251 1453 interior
1285 1409 1485 1468 quaedam
1518 1407 1580 1450 fa-

189 1490 331 1541 cultas,
366 1488 452 1540 ἔξις,
483 1504 562 1547 qua
596 1489 729 1547 aliqua
762 1504 841 1539 res,
874 1490 1035 1547 qualem
1071 1504 1161 1532 esse
1194 1494 1380 1548 oportet,
1414 1488 1505 1531 talis
1537 1501 1581 1530 re

186 1585 282 1612 vera
316 1575 377 1611 est
411 1574 451 1611 et
468 1574 617 1618 manet,
654 1573 716 1610 est
748 1583 793 1610 ea
824 1570 883 1610 vis
918 1570 1105 1619 civitatis,
1139 1583 1220 1626 qua
1246 1568 1364 1620 valet,
1393 1573 1580 1611 naturam

187 1665 301 1691 suam
333 1648 519 1705 undique
540 1654 580 1690 et
598 1647 855 1705 temporibus
889 1647 1078 1690 omnibus
1098 1647 1330 1691 ostendere.
1350 1646 1412 1705 (2)
1452 1646 1577 1690 Tem-

188 1729 401 1784 perantiae
446 1726 624 1782 denique
668 1731 752 1776 est,
809 1726 1061 1768 harmoniam
1093 1726 1298 1783 quandam
1343 1728 1450 1769 inter
1496 1727 1579 1768 sin-

190 1806 307 1864 gulas
349 1820 415 1847 res
450 1803 635 1854 efficere,
682 1806 738 1845 ita
777 1809 824 1846 ut
865 1804 982 1846 aliam
1022 1809 1195 1862 propter
1228 1804 1347 1846 aliam
1381 1804 1581 1846 exsistere

187 1890 403 1943 appareat3
448 1890 510 1926 est
540 1883 769 1933 vinculum,
812 1898 894 1940 quo
938 1884 1061 1925 animi
1109 1881 1324 1925 facultates
1378 1884 1486 1925 inter
1536 1896 1579 1923 se

188 1960 575 2022 coniunguntur(3).
604 1960 816 2019 Sapientia
840 1963 965 2019 igitur
981 1963 1087 2018 regit
1104 1963 1336 2003 universam
1355 1962 1580 2011 civitatem3

188 2040 348 2096 ἀνδρεία
394 2042 593 2083 rationem
646 2041 862 2097 exprimit,
918 2053 997 2095 qua
1051 2044 1260 2090 movetur3
1309 2040 1580 2097 temperantia

188 2118 369 2178 singulas
405 2124 544 2177 partes
580 2118 762 2177 disponit
796 2122 837 2159 et
869 2131 943 2159 suo
977 2116 1066 2159 loco
1101 2116 1294 2167 collocat3
1328 2118 1483 2160 iustitia
1509 2116 1580 2159 de-

291 2264 350 2311 (1)
379 2268 427 2303 il»,
455 2268 512 2308 lv,
540 2278 572 2308 p.
599 2265 670 2298 428
698 2266 740 2297 1).
767 2266 812 2299 cc.
841 2276 873 2306 1».
903 2264 974 2297 421
1000 2265 1040 2304 Β,

288 2324 342 2371 (2)
370 2329 413 2358 (le
439 2339 511 2368 rep.
539 2328 594 2363 IV,
622 2339 656 2368 p.
683 2326 756 2358 429
783 2327 819 2360 C.
848 2326 910 2358 cll.
938 2336 972 2366 p-
999 2326 1072 2359 430
1096 2327 1136 2362 Β,
1166 2326 1302 2365 Prolag.
1331 2336 1363 2366 p,
1390 2323 1463 2357 358
1487 2325 1579 2356 1)—

189 2387 262 2420 360
290 2388 333 2419 1).
364 2389 467 2429 Legg.
496 2388 534 2429 V,
562 2399 596 2429 p.
625 2387 697 2420 633
723 2389 760 2419 C.
789 2387 835 2418 D.
870 2388 912 2419 Ε.
949 2388 1084 2420 Laches
1112 2398 1147 2429 p.
1175 2383 1246 2417 194
1271 2384 1492 2420 D-195A.
1520 2387 1583 2419 cll.

185 2447 333 2483 Aris-tot.
370 2450 467 2489 polit,
496 2450 535 2488 11,
565 2449 600 2488 1,
631 2448 664 2481 7.
693 2441 752 2489 „ro
778 2460 822 2490 γε
850 2439 1025 2481 ἑκάστου
1061 2438 1226 2489 αἶγαρόν
1260 2436 1366 2483 <fuiget
1400 2429 1581 2485 ἕκαστον,

284 2505 338 2551 (3)
366 2519 399 2550 p.
419 2507 499 2554 ¹430
523 2508 567 2540 Ε.
619 2509 663 2543 cf.
691 2520 725 2550 p.
752 2507 822 2541 431
850 2510 876 2540 C
903 2515 936 2540 et
962 2509 1009 2541 D.
1035 2508 1098 2542 cll.
1126 2506 1228 2547 epist.
1265 2506 1350 2547 vnl,
1378 2517 1411 2547 p.
1438 2506 1511 2539 855
1536 2509 1578 2543 A,

186 2571 349 2601 Celerum
384 2581 455 2601 non
483 2574 535 2601 est
560 2569 730 2610 dubium,
768 2571 855 2612 quin
890 2570 991 2601 Plato
1025 2569 1119 2600 hanc
1152 2567 1319 2598 virtutem
1356 2567 1401 2599 ad
1435 2568 1578 2600 tertium

189 2630 349 2662 ordinem
378 2631 533 2662 voluerit
567 2631 705 2671 referri,
738 2631 880 2662 etiamsi
915 2630 998 2661 odio
1025 2628 1126 2670 quasi
1160 2632 1358 2659 commotus
1390 2628 1500 2660 huius
1525 2628 1579 2660 rei

189 2691 396 2723 meminisse
423 2690 595 2731 noluerit,
622 2701 704 2723 cum
730 2691 854 2723 mallet
880 2691 972 2723 hanc
997 2693 1130 2731 partem
1155 2688 1331 2721 humanae
1343 2688 1581 2723 Exsistemiae

188 2758 223 2784 ut
252 2752 299 2783 ila
327 2751 456 2790 dicam,
484 2751 588 2791 plane
616 2751 707 2783 tolli.
