1799 3104
1516 241 1583 294 61

202 392 360 432 tantum
394 399 441 427 ea
473 383 652 435 faciunt,
696 398 801 441 quae
844 383 912 425 alii
959 389 1095 426 mente
1142 387 1334 427 creatrice
1377 386 1585 443 excogita-

201 470 322 515 runt3
354 465 493 522 itaque
516 463 787 524 'instrumenti
818 463 958 513 instar,
989 476 1057 504 res
1090 466 1186 504 sunt
1217 477 1430 520 possessae
1463 463 1509 520 (Ι,
1544 461 1586 515 2,

202 544 243 587 5.
286 557 378 585 cum
410 547 591 584 annotat.
626 539 885 597 Schneider.)
922 540 973 583 ad
1023 545 1178 583 certum
1222 539 1425 598 quendam
1465 557 1586 585 usum

201 621 388 664 idoneae.
452 619 565 661 Nihil
598 633 742 661 servus
774 618 916 670 habet,
952 634 1033 676 quo
1068 619 1238 661 bestiam
1280 625 1468 676 superet,
1511 621 1590 661 nisi

201 700 388 748 animam,
417 712 499 755 qua
527 699 697 741 rationis
728 697 774 740 fit
804 700 1023 757 particeps,
1057 697 1169 756 quod
1196 697 1499 756 {colloquuntur
1527 699 1590 741 in-

202 784 265 821 ter
297 792 362 828 se,
404 782 445 819 et
477 775 589 834 quod
630 791 734 834 quae
767 779 972 820 senserint
1010 776 1183 819 dicendo
1225 778 1457 835 exprimere
1490 792 1589 836 pos-

203 862 311 900 sunt.
375 855 519 913 Neque
549 861 687 899 tamen
726 871 906 914 unquam
950 855 1001 898 ad
1035 871 1233 898 summam
1265 858 1466 898 rationem
1494 872 1589 914 per-

204 937 386 978 veniunt.
453 936 649 989 Quamvis
683 939 820 977 autem
852 949 935 977 non
952 933 1103 976 infitias
1134 941 1220 985 eat,
1254 936 1413 977 ratione
1447 949 1589 992 quem-

203 1028 282 1071 que
314 1013 526 1055 hominum
558 1012 790 1070 praeditum
825 1027 935 1062 esse,
977 1018 1113 1055 tamen
1142 1013 1397 1071 negligenter
1429 1018 1589 1056 tantum

202 1093 324 1134 animi
358 1106 448 1134 cum
480 1106 651 1149 corpore
695 1092 1022 1133 coniunctionem
1060 1090 1258 1142 declarat,
1297 1093 1419 1134 immo
1451 1091 1590 1149 perfe-

202 1174 305 1212 ctam
338 1171 555 1228 utriusque
596 1170 896 1228 separationem
920 1170 1129 1227 proponit.
1205 1168 1383 1212 Videtur
1423 1169 1589 1228 quidem

198 1247 445 1292 Aristotcles
480 1251 523 1292 in
551 1249 615 1292 his
655 1248 921 1292 humanitatis
961 1247 1064 1291 fines
1108 1248 1411 1307 quodammodo
1445 1264 1589 1292 exces-

200 1329 325 1380 sisse3
359 1333 400 1371 at
432 1326 645 1371 fatendum
678 1333 752 1380 est,
784 1328 903 1370 istam
935 1329 1044 1370 servi
1075 1329 1285 1371 notionem
1326 1343 1465 1371 veram
1498 1343 1588 1371 esse

202 1421 255 1450 ex
279 1405 417 1449 indole
449 1405 699 1450 Graecorum
730 1407 918 1449 haustam
937 1404 1016 1463 (1).

296 1539 352 1587 (1)
380 1544 492 1576 Recte
518 1543 734 1583 Gottlingius
762 1543 800 1574 V.
831 1543 848 1573 Ι
886 1543 1101 1582 observavit,
1131 1542 1274 1574 tertium
1294 1543 1507 1575 ordinemin
1532 1555 1586 1577 re-

200 1604 345 1645 publica
371 1603 529 1635 Platonis
553 1604 660 1645 plane
687 1603 813 1634 eodem
837 1613 986 1634 munere
1023 1603 1125 1643 fungi
1151 1614 1192 1634 ac
1230 1614 1349 1634 servos
1375 1605 1588 1646 Aristotelis,

201 1665 247 1701 ef.
273 1668 463 1696 comment.
492 1664 535 1695 de
561 1664 740 1695 servitutis
767 1663 911 1694 notione
939 1663 1031 1703 apud
1046 1660 1273 1695 Aristotelem
1290 1674 1382 1705 quae
1407 1675 1586 1697 commen·

200 1725 286 1756 tatio
314 1724 409 1756 edita
444 1729 497 1755 est
531 1724 570 1755 in
603 1723 763 1757 annalib.
798 1723 897 1757 acad.
932 1722 1094 1754 Ienensis
1131 1723 1186 1757 ed.
1220 1724 1445 1764 Eichstadii,
1481 1726 1589 1758 lenae

201 1784 310 1826 1823,
336 1795 371 1827 p.
398 1782 483 1816 457.
511 1794 584 1825 sqq.
636 1783 796 1815 Servitus
821 1793 842 1814 a
867 1783 1014 1815 Platone
1041 1789 1074 1814 ct
1101 1781 1295 1815 Aristotele
1329 1785 1507 1826 proposita
1534 1797 1589 1818 ea-

201 1847 280 1878 dem
303 1851 368 1887 est,
394 1855 501 1887 quam
527 1854 590 1886 per
616 1849 721 1875 totam
746 1845 898 1886 priscam
922 1845 1094 1876 historiae
1130 1845 1287 1877 Graecae
1313 1851 1466 1878 aetatem
1492 1847 1592 1879 inve-

201 1908 340 1948 nimus,
374 1911 498 1938 natura
533 1906 699 1946 magistra
728 1906 828 1947 qnasi
863 1906 1073 1947 constituta,
1109 1917 1215 1948 quam
1248 1908 1442 1938 vernacula
1467 1909 1592 1949 lingua

201 1967 400 2008 significare.
434 1967 522 1998 licet
558 1966 776 2003 „dienender
808 1965 952 2001 Stund.“
986 1967 1091 2007 eique
1134 1967 1248 1998 ordini
1287 1968 1446 2008 opposita
1484 1979 1591 2009 quem

200 2028 355 2060 dixerim
389 2026 681 2065 „Herrenstand“.
742 2027 844 2064 Quae
881 2019 1077 2065 δεςποτεὶα,
1111 2025 1189 2069 (Ar.
1214 2027 1286 2069 pol,
1323 2027 1395 2068 ln„
1420 2027 1456 2069 4,
1482 2024 1524 2073 4)
1553 2030 1591 2061 in

200 2094 357 2121 veterem
383 2088 639 2119 aristocratiam
659 2087 766 2122 cadit,
816 2088 883 2118 llla
912 2098 995 2119 vero
1021 2087 1193 2119 Helotum
1220 2093 1253 2119 et
1275 2087 1505 2120 Penestarum
1519 2100 1591 2121 ser-

199 2150 295 2182 vitus
323 2150 356 2181 ei
383 2148 586 2180 conditioni
612 2148 820 2189 respondet,
847 2157 952 2188 quam
979 2148 1201 2190 appellamus
1226 2148 1590 2190 „Leibeigenschastf

199 2210 262 2241 lui
288 2220 374 2252 quos
400 2207 611 2241 Aristoteles
635 2218 752 2239 servos
779 2219 854 2240 esse
881 2208 1008 2249 voluit,
1034 2214 1175 2251 propter
1185 2209 1358 2241 minorem
1392 2211 1529 2251 ingenii
1556 2216 1592 2243 et

198 2271 340 2303 virtutis
367 2270 570 2302 facultatem
596 2269 700 2309 servi,
726 2268 765 2300 hi
799 2269 947 2301 Helotes
982 2274 1017 2301 et
1042 2270 1212 2302 Penestae
1238 2269 1274 2301 vi
1300 2281 1479 2303 armorum
1505 2272 1587 2304 sult-

198 2334 267 2365 acti
302 2337 413 2366 erant.
484 2329 554 2363 Sed
590 2340 672 2363 cum
707 2330 818 2371 magis
844 2331 1025 2374 magisque
1052 2332 1213 2363 mitiores
1252 2332 1378 2364 tierent
1405 2338 1437 2365 et
1466 2334 1590 2366 huma-

199 2394 307 2424 nitati
332 2392 474 2424 cederet
498 2401 637 2423 morum
661 2391 837 2431 ferocitas,
864 2392 1014 2422 servitus
1040 2392 1106 2422 illa
1134 2383 1261 2436 φύσει,
1287 2394 1494 2435 constituta,
1523 2406 1593 2436 qua

201 2463 323 2485 omnes
362 2453 504 2485 ordines
538 2452 724 2483 inferiores
757 2451 880 2493 priscis
915 2452 1132 2492 temporibus
1169 2452 1357 2494 vivebant,
1395 2455 1525 2486 sensim
1550 2466 1592 2486 ae

197 2514 419 2556 pedetentim
453 2512 592 2545 sublata
619 2517 669 2544 est
696 2512 844 2554 eiusque
870 2512 993 2544 locum
1019 2512 1179 2544 obtinere
1206 2515 1325 2556 coepit
1351 2516 1446 2546 varia
1472 2515 1586 2546 homi-

200 2585 288 2607 num
314 2574 479 2607 ordinum
517 2573 660 2607 divisio.
712 2573 817 2610 Quod
850 2574 927 2615 ipse
961 2579 1080 2605 noster
1112 2575 1296 2615 profitetur
1328 2585 1496 2615 narrans,
1532 2587 1591 2608 eos

199 2635 263 2675 qui
287 2635 376 2667 olim
402 2645 585 2667 servorum
612 2635 721 2666 instar
745 2634 907 2674 fuissent,
927 2632 1070 2675 opifices
1098 2640 1238 2676 postea,
1267 2645 1349 2667 cum
1375 2635 1592 2669 democratia

198 2696 354 2727 maxime
380 2696 524 2738 vigeret,
552 2707 594 2729 eo
626 2696 852 2740 pervenisse,
878 2700 918 2726 ut
943 2695 1095 2728 civitatis
1122 2696 1331 2729 muneribus
1358 2697 1592 2739 fungerentur

201 2751 291 2801 (1'⁰1·
316 2756 386 2799 111„
413 2755 447 2802 2,
473 2753 526 2806 8),
