1799 3104
1463 252 1531 303 ⁷7

151 394 400 454 exploravit3
433 395 589 451 primus
633 407 729 434 vero
764 398 802 435 et
836 393 947 435 solus
978 392 1056 435 fuit
1089 394 1284 450 scriptor,
1319 395 1389 450 qui
1419 396 1534 435 tenui

151 480 192 517 et
223 476 353 515 acuta
375 473 556 514 omnium
601 471 775 513 civitatis
814 469 1036 513 formarum
1079 470 1339 513 distinetione
1378 471 1533 515 fidelis-

148 554 290 596 simam
322 565 458 593 earum
494 550 710 607 imaginem
749 549 945 591 exhibere
998 555 1038 590 et
1070 563 1185 591 suam
1217 551 1362 606 cuique
1403 553 1532 594 virtu-

150 639 230 673 tem
264 628 471 670 vindicare
513 632 682 669 conatus
726 633 800 669 est.
864 627 1007 669 Finem
1040 642 1138 669 vero
1175 629 1355 669 omninm
1388 628 1533 670 harum

150 708 475 765 disputationum
506 706 563 747 sic
597 707 834 757 enuntiavit,
862 712 908 748 ut
940 705 1115 756 diceret,
1162 709 1202 748 in
1231 706 1343 748 nulla
1372 709 1534 750 civitate

147 799 281 842 neque
313 785 488 825 inveniri
520 798 653 840 neque
695 799 819 841 posse
859 786 1033 825 inveniri
1066 786 1274 827 iustitiam,
1339 784 1533 834 Quocun-

149 877 227 921 que
259 864 387 912 enim,
421 863 575 919 inquit,
609 877 684 904 nos
718 864 1013 912 convertimus,
1049 876 1272 919 nusquam,
1308 865 1393 904 sive
1425 879 1533 906 unus

147 947 305 985 tantum
342 942 427 982 sive
467 940 607 997 plures
650 946 843 998 regnant,
885 947 1020 983 exstat
1068 955 1163 982 vera
1209 938 1397 996 μεσότης,
1431 957 1535 999 quae

148 1025 363 1077 utramque
394 1020 594 1061 rationem
627 1033 756 1077 aeque
788 1020 829 1061 in
863 1034 906 1061 se
936 1020 1176 1078 coniungat3
1202 1035 1325 1078 quare
1357 1022 1534 1064 maxime

150 1113 292 1140 eorum
327 1103 466 1139 censet
500 1099 758 1154 opinionem,
794 1099 864 1153 qui
904 1096 1157 1138 multitudini
1198 1100 1411 1155 imperium
1445 1101 1534 1140 vin-

151 1175 289 1218 dicare
329 1175 494 1226 vellent,
530 1174 723 1217 tuendam
757 1190 872 1226 esse,
917 1176 1074 1217 etiamsi
1106 1175 1184 1217 hoc
1217 1191 1379 1233 quoque
1408 1177 1536 1219 multa

149 1253 319 1304 habeat,
362 1253 510 1310 quibus
550 1252 708 1295 laboret
737 1250 812 1309 (1).
884 1251 988 1294 Nam
1039 1255 1115 1295 etsi
1148 1255 1190 1295 in
1222 1254 1330 1296 bono
1370 1254 1536 1297 homine

148 1347 288 1375 omnes
318 1333 490 1374 virtutes
522 1332 697 1373 maxime
732 1332 971 1373 coniunctae
1002 1333 1106 1382 sint,
1150 1333 1356 1374 rarissime
1397 1342 1534 1376 tamen

147 1411 334 1452 homines
367 1415 479 1451 tanta
510 1410 673 1450 virtutis
701 1411 951 1466 praestantia
981 1409 1191 1467 praeditos
1225 1425 1327 1453 esse.
1391 1412 1533 1469 Itaque

148 1490 181 1530 si
214 1487 433 1530 multitudo
476 1488 679 1529 civitatem
726 1493 864 1545 regat,
914 1487 1042 1530 multo
1080 1486 1238 1530 facilius
1272 1488 1362 1531 fieri
1393 1505 1530 1548 posse,

148 1573 216 1617 ut,
273 1567 470 1623 cuiusque
526 1567 776 1623 praestantia
831 1580 905 1623 per
947 1581 990 1608 se
1039 1572 1220 1625 spectata
1269 1569 1533 1624 omniumque

147 1644 368 1688 virtutibus
416 1644 467 1686 ad
518 1659 644 1686 unum
694 1645 940 1694 comunem,
991 1646 1130 1686 civitas
1177 1659 1332 1687 summa
1381 1648 1533 1689 virtute

149 1722 336 1782 praedita
369 1738 458 1765 esse
501 1722 700 1764 videatur.
782 1721 1030 1764 Aristoteles
1071 1722 1196 1780 igitur
1231 1723 1535 1767 multitudinem

149 1801 346 1852 admittit,
405 1803 527 1843 immo
576 1816 651 1859 pro
702 1807 812 1842 certo
862 1800 1008 1851 habet,
1060 1803 1233 1844 civitatis
1281 1817 1367 1844 eam
1408 1802 1535 1845 admi-

150 1880 385 1923 nistrandae
417 1884 555 1937 partes
597 1880 806 1936 suscipere
838 1884 1053 1936 oportere3
1094 1894 1184 1921 cum
1226 1880 1343 1922 Plato
1386 1896 1473 1923 eam
1514 1897 1536 1923 a

154 1960 314 2002 civitate
346 1959 467 2018 plane
501 1957 666 2000 excludi
707 1957 818 2000 velit.
890 1957 1254 2001 Considerantibus
1295 1958 1414 2002 nobis
1448 1975 1534 2002 om-

148 2040 246 2080 nino
278 2040 481 2080 rationem
513 2037 623 2079 illam
655 2036 904 2087 Aristotelis,
940 2036 1183 2079 conciliandi
1211 2039 1292 2079 vim
1326 2038 1534 2081 democra-

150 2117 270 2158 ticam
297 2121 338 2158 et
375 2115 659 2174 oligarehicam
708 2116 946 2172 saepissime
996 2117 1103 2157 inter
1151 2129 1241 2157 sese
1289 2121 1533 2174 pugnantes,

153 2195 241 2237 eius
274 2193 487 2237 consilium
517 2192 630 2235 haud
669 2192 771 2235 adeo
806 2192 1001 2235 dissimile
1038 2191 1165 2235 fuisse
1205 2192 1368 2235 videtur
1400 2209 1423 2235 a
1454 2193 1534 2237 So-

150 2272 256 2315 lonis
293 2272 476 2323 consilio,
510 2274 580 2330 qui
612 2274 669 2314 ita
701 2274 795 2330 egit,
828 2277 875 2313 ut
903 2286 1005 2328 quae
1039 2276 1268 2329 temporum
1298 2271 1535 2315 conditione

149 2352 330 2394 omnium
351 2350 600 2394 Graecorum
626 2352 768 2393 animis
796 2351 891 2391 vitia
909 2351 1047 2391 innata
1069 2355 1196 2401 erant,
1231 2350 1346 2393 velut
1367 2351 1530 2396 divitias

151 2429 365 2473 obtinendi
397 2430 674 2490 cupiditatem,
708 2444 797 2471 eum
832 2429 1024 2471 universa
1055 2428 1192 2471 indole
1227 2436 1268 2472 et
1290 2432 1443 2474 virtute
1478 2434 1535 2474 sie

151 2511 433 2568 coniungeret,
466 2515 512 2552 ut
543 2507 714 2568 perinde
748 2508 895 2550 civium
931 2509 1112 2551 omnium
1139 2507 1283 2553 Unitas
1317 2511 1536 2554 exsisteret

152 2588 277 2646 inque
316 2589 520 2630 communi
554 2602 695 2629 eorum
743 2573 911 2629 consilio
952 2588 1126 2629 civitatis
1169 2588 1278 2630 salus
1320 2590 1535 2634 niteretur.

251 2756 304 2808 (1)
331 2757 392 2795 Ar.
420 2759 492 2807 poi,
521 2758 601 2800 111„
628 2756 662 2807 5,
688 2756 721 2792 4.
