<?xml version="1.0" encoding="UTF-8"?>
<!DOCTYPE html PUBLIC "-//W3C//DTD XHTML 1.0 Transitional//EN"
    "http://www.w3.org/TR/xhtml1/DTD/xhtml1-transitional.dtd">
<html xmlns="http://www.w3.org/1999/xhtml" xml:lang="en" lang="en">
 <head>
  <title>
</title>
<meta http-equiv="Content-Type" content="text/html;charset=utf-8" />
  <meta name='ocr-system' content='tesseract 3.04.00' />
  <meta name='ocr-capabilities' content='ocr_page ocr_carea ocr_par ocr_line ocrx_word'/>
</head>
<body>
  <div class='ocr_page' id='page_1' title='image "4737182_0058.png"; bbox 0 0 1799 3104; ppageno 0'>
   <div class='ocr_carea' id='block_1_1' title="bbox 214 241 284 291">
    <p class='ocr_par' dir='ltr' id='par_1_1' title="bbox 214 241 284 291">
     <span class='ocr_line' id='line_1_1' title="bbox 214 241 284 291; baseline -0.014 0"><span class='ocrx_word' id='word_1_1' title='bbox 214 241 284 291; x_wconf 87' lang='grc'><strong>50</strong></span> 
     </span>
    </p>
   </div>
   <div class='ocr_carea' id='block_1_2' title="bbox 166 383 1609 2792">
    <p class='ocr_par' dir='ltr' id='par_1_2' title="bbox 214 383 1604 506">
     <span class='ocr_line' id='line_1_2' title="bbox 215 383 1604 441; baseline 0.003 -17"><span class='ocrx_word' id='word_1_2' title='bbox 215 385 375 424; x_wconf 83' lang='lat' dir='ltr'><strong>civitate</strong></span> <span class='ocrx_word' id='word_1_3' title='bbox 433 383 786 433; x_wconf 84' lang='lat' dir='ltr'><strong>institutionibus,</strong></span> <span class='ocrx_word' id='word_1_4' title='bbox 841 398 943 441; x_wconf 85' lang='lat' dir='ltr'><strong>quae</strong></span> <span class='ocrx_word' id='word_1_5' title='bbox 1002 383 1054 425; x_wconf 90' lang='lat' dir='ltr'><strong>ad</strong></span> <span class='ocrx_word' id='word_1_6' title='bbox 1114 398 1310 426; x_wconf 88' lang='lat' dir='ltr'><strong>summam</strong></span> <span class='ocrx_word' id='word_1_7' title='bbox 1370 384 1604 429; x_wconf 87' lang='lat' dir='ltr'><strong>hominibus</strong></span> 
     </span>
     <span class='ocr_line' id='line_1_3' title="bbox 214 460 1098 506; baseline 0.003 -4"><span class='ocrx_word' id='word_1_8' title='bbox 214 460 451 504; x_wconf 83' lang='lat' dir='ltr'><strong>felicitatem</strong></span> <span class='ocrx_word' id='word_1_9' title='bbox 486 461 784 505; x_wconf 80' lang='lat' dir='ltr'><strong>conciliandam</strong></span> <span class='ocrx_word' id='word_1_10' title='bbox 817 461 991 505; x_wconf 85' lang='lat' dir='ltr'><strong>idoneae</strong></span> <span class='ocrx_word' id='word_1_11' title='bbox 1016 464 1098 506; x_wconf 90' lang='lat' dir='ltr'><strong>sint</strong></span> 
     </span>
    </p>

    <p class='ocr_par' dir='ltr' id='par_1_3' title="bbox 166 539 1609 2792">
     <span class='ocr_line' id='line_1_4' title="bbox 332 539 1605 598; baseline 0.004 -18"><span class='ocrx_word' id='word_1_12' title='bbox 332 539 380 581; x_wconf 88' lang='lat' dir='ltr'><strong>In</strong></span> <span class='ocrx_word' id='word_1_13' title='bbox 412 539 492 581; x_wconf 89' lang='lat' dir='ltr'><strong>hoc</strong></span> <span class='ocrx_word' id='word_1_14' title='bbox 524 542 650 598; x_wconf 81' lang='lat' dir='ltr'><strong>igitur</strong></span> <span class='ocrx_word' id='word_1_15' title='bbox 680 543 946 583; x_wconf 89' lang='lat' dir='ltr'><strong>consentiunt</strong></span> <span class='ocrx_word' id='word_1_16' title='bbox 975 541 1095 583; x_wconf 93' lang='lat' dir='ltr'><strong>Plato</strong></span> <span class='ocrx_word' id='word_1_17' title='bbox 1130 547 1170 582; x_wconf 90' lang='lat' dir='ltr'><strong>et</strong></span> <span class='ocrx_word' id='word_1_18' title='bbox 1196 540 1457 591; x_wconf 85' lang='lat' dir='ltr'><strong>Aristoteles,</strong></span> <span class='ocrx_word' id='word_1_19' title='bbox 1492 542 1605 598; x_wconf 89' lang='lat' dir='ltr'><strong>quod</strong></span> 
     </span>
     <span class='ocr_line' id='line_1_5' title="bbox 212 619 1607 676; baseline 0.003 -17"><span class='ocrx_word' id='word_1_20' title='bbox 212 619 386 660; x_wconf 85' lang='lat' dir='ltr'><strong>civitatis</strong></span> <span class='ocrx_word' id='word_1_21' title='bbox 429 619 628 676; x_wconf 81' lang='lat' dir='ltr'><strong>originem</strong></span> <span class='ocrx_word' id='word_1_22' title='bbox 672 634 724 661; x_wconf 89' lang='lat' dir='ltr'><strong>ex</strong></span> <span class='ocrx_word' id='word_1_23' title='bbox 765 620 854 676; x_wconf 90' lang='lat' dir='ltr'><strong>ipsa</strong></span> <span class='ocrx_word' id='word_1_24' title='bbox 896 625 1064 669; x_wconf 86' lang='lat' dir='ltr'><strong>natura,</strong></span> <span class='ocrx_word' id='word_1_25' title='bbox 1112 634 1166 662; x_wconf 88' lang='lat' dir='ltr'><strong>ex</strong></span> <span class='ocrx_word' id='word_1_26' title='bbox 1203 619 1414 662; x_wconf 89' lang='lat' dir='ltr'><strong>hominum</strong></span> <span class='ocrx_word' id='word_1_27' title='bbox 1458 620 1607 663; x_wconf 86' lang='lat' dir='ltr'><strong>virium</strong></span> 
     </span>
     <span class='ocr_line' id='line_1_6' title="bbox 213 695 1609 757; baseline 0.002 -20"><span class='ocrx_word' id='word_1_28' title='bbox 213 695 491 738; x_wconf 84' lang='lat' dir='ltr'><strong>imbecillitate</strong></span> <span class='ocrx_word' id='word_1_29' title='bbox 546 696 764 748; x_wconf 89' lang='lat' dir='ltr'><strong>hauriunt,</strong></span> <span class='ocrx_word' id='word_1_30' title='bbox 817 699 888 756; x_wconf 91' lang='lat' dir='ltr'><strong>qui</strong></span> <span class='ocrx_word' id='word_1_31' title='bbox 928 699 1125 740; x_wconf 87' lang='lat' dir='ltr'><strong>societate</strong></span> <span class='ocrx_word' id='word_1_32' title='bbox 1170 704 1311 757; x_wconf 79' lang='lat' dir='ltr'><strong>egent,</strong></span> <span class='ocrx_word' id='word_1_33' title='bbox 1360 704 1407 740; x_wconf 88' lang='lat' dir='ltr'><strong>ut</strong></span> <span class='ocrx_word' id='word_1_34' title='bbox 1454 700 1609 756; x_wconf 84' lang='lat' dir='ltr'><strong>paratis</strong></span> 
     </span>
     <span class='ocr_line' id='line_1_7' title="bbox 211 774 1607 835; baseline 0.001 -18"><span class='ocrx_word' id='word_1_35' title='bbox 211 774 407 818; x_wconf 89' lang='lat' dir='ltr'><strong>subsidiis</strong></span> <span class='ocrx_word' id='word_1_36' title='bbox 442 777 626 818; x_wconf 86' lang='lat' dir='ltr'><strong>externis</strong></span> <span class='ocrx_word' id='word_1_37' title='bbox 667 776 718 818; x_wconf 88' lang='lat' dir='ltr'><strong>ad</strong></span> <span class='ocrx_word' id='word_1_38' title='bbox 764 775 1000 820; x_wconf 84' lang='lat' dir='ltr'><strong>felicitatem</strong></span> <span class='ocrx_word' id='word_1_39' title='bbox 1032 778 1250 835; x_wconf 85' lang='lat' dir='ltr'><strong>pervenire</strong></span> <span class='ocrx_word' id='word_1_40' title='bbox 1291 779 1466 834; x_wconf 86' lang='lat' dir='ltr'><strong>possint.</strong></span> <span class='ocrx_word' id='word_1_41' title='bbox 1529 776 1607 819; x_wconf 86' lang='lat' dir='ltr'><strong>At-</strong></span> 
     </span>
     <span class='ocr_line' id='line_1_8' title="bbox 211 853 1606 912; baseline 0.001 -17"><span class='ocrx_word' id='word_1_42' title='bbox 211 860 347 897; x_wconf 81' lang='lat' dir='ltr'><strong>tamen</strong></span> <span class='ocrx_word' id='word_1_43' title='bbox 379 853 576 896; x_wconf 83' lang='lat' dir='ltr'><strong>differunt</strong></span> <span class='ocrx_word' id='word_1_44' title='bbox 615 869 684 905; x_wconf 91' lang='lat' dir='ltr'><strong>eo,</strong></span> <span class='ocrx_word' id='word_1_45' title='bbox 720 855 831 912; x_wconf 90' lang='lat' dir='ltr'><strong>quod</strong></span> <span class='ocrx_word' id='word_1_46' title='bbox 862 855 982 898; x_wconf 88' lang='lat' dir='ltr'><strong>Plato</strong></span> <span class='ocrx_word' id='word_1_47' title='bbox 1003 870 1087 897; x_wconf 91' lang='lat' dir='ltr'><strong>non</strong></span> <span class='ocrx_word' id='word_1_48' title='bbox 1117 856 1196 897; x_wconf 92' lang='lat' dir='ltr'><strong>nisi</strong></span> <span class='ocrx_word' id='word_1_49' title='bbox 1229 853 1363 898; x_wconf 87' lang='lat' dir='ltr'><strong>obiter</strong></span> <span class='ocrx_word' id='word_1_50' title='bbox 1392 854 1497 897; x_wconf 89' lang='lat' dir='ltr'><strong>hanc</strong></span> <span class='ocrx_word' id='word_1_51' title='bbox 1527 854 1606 896; x_wconf 91' lang='lat' dir='ltr'><strong>ho-</strong></span> 
     </span>
     <span class='ocr_line' id='line_1_9' title="bbox 207 931 1602 991; baseline 0.001 -18"><span class='ocrx_word' id='word_1_52' title='bbox 207 934 361 974; x_wconf 89' lang='lat' dir='ltr'><strong>minum</strong></span> <span class='ocrx_word' id='word_1_53' title='bbox 396 931 673 974; x_wconf 90' lang='lat' dir='ltr'><strong>conditionem</strong></span> <span class='ocrx_word' id='word_1_54' title='bbox 714 940 936 983; x_wconf 88' lang='lat' dir='ltr'><strong>memorat,</strong></span> <span class='ocrx_word' id='word_1_55' title='bbox 987 933 1214 977; x_wconf 87' lang='lat' dir='ltr'><strong>secundum</strong></span> <span class='ocrx_word' id='word_1_56' title='bbox 1255 948 1377 991; x_wconf 91' lang='lat' dir='ltr'><strong>quam</strong></span> <span class='ocrx_word' id='word_1_57' title='bbox 1412 934 1463 975; x_wconf 88' lang='lat' dir='ltr'><strong>iis</strong></span> <span class='ocrx_word' id='word_1_58' title='bbox 1496 947 1602 991; x_wconf 87' lang='lat' dir='ltr'><strong>opus</strong></span> 
     </span>
     <span class='ocr_line' id='line_1_10' title="bbox 166 1010 1600 1064; baseline 0.001 -12"><span class='ocrx_word' id='word_1_59' title='bbox 166 1030 173 1034; x_wconf 82' lang='grc'><strong>-</strong></span> <span class='ocrx_word' id='word_1_60' title='bbox 208 1016 270 1053; x_wconf 88' lang='lat' dir='ltr'><strong>est</strong></span> <span class='ocrx_word' id='word_1_61' title='bbox 301 1015 448 1053; x_wconf 88' lang='lat' dir='ltr'><strong>natura</strong></span> <span class='ocrx_word' id='word_1_62' title='bbox 481 1010 532 1053; x_wconf 86' lang='lat' dir='ltr'><strong>ad</strong></span> <span class='ocrx_word' id='word_1_63' title='bbox 561 1013 685 1053; x_wconf 87' lang='lat' dir='ltr'><strong>vitam</strong></span> <span class='ocrx_word' id='word_1_64' title='bbox 730 1013 1077 1064; x_wconf 78' lang='lat' dir='ltr'><strong>conservandam3</strong></span> <span class='ocrx_word' id='word_1_65' title='bbox 1120 1012 1285 1055; x_wconf 85' lang='lat' dir='ltr'><strong>videtur</strong></span> <span class='ocrx_word' id='word_1_66' title='bbox 1315 1012 1423 1054; x_wconf 91' lang='lat' dir='ltr'><strong>enim</strong></span> <span class='ocrx_word' id='word_1_67' title='bbox 1453 1010 1506 1053; x_wconf 89' lang='lat' dir='ltr'><strong>ad</strong></span> <span class='ocrx_word' id='word_1_68' title='bbox 1534 1026 1600 1054; x_wconf 85' lang='lat' dir='ltr'><strong>res</strong></span> 
     </span>
     <span class='ocr_line' id='line_1_11' title="bbox 207 1088 1600 1149; baseline 0 -18"><span class='ocrx_word' id='word_1_69' title='bbox 207 1090 434 1132; x_wconf 84' lang='lat' dir='ltr'><strong>exteriores</strong></span> <span class='ocrx_word' id='word_1_70' title='bbox 467 1091 690 1147; x_wconf 89' lang='lat' dir='ltr'><strong>pertinere,</strong></span> <span class='ocrx_word' id='word_1_71' title='bbox 728 1096 791 1133; x_wconf 89' lang='lat' dir='ltr'><strong>est</strong></span> <span class='ocrx_word' id='word_1_72' title='bbox 809 1091 1093 1133; x_wconf 84' lang='lat' dir='ltr'><strong>tantummodo</strong></span> <span class='ocrx_word' id='word_1_73' title='bbox 1121 1090 1368 1149; x_wconf 84' lang='lat' dir='ltr'><strong>hypothesis</strong></span> <span class='ocrx_word' id='word_1_74' title='bbox 1401 1088 1600 1147; x_wconf 86' lang='lat' dir='ltr'><strong>quaedam</strong></span> 
     </span>
     <span class='ocr_line' id='line_1_12' title="bbox 207 1165 1601 1226; baseline 0 -16"><span class='ocrx_word' id='word_1_75' title='bbox 207 1172 399 1218; x_wconf 88' lang='lat' dir='ltr'><strong>externa,</strong></span> <span class='ocrx_word' id='word_1_76' title='bbox 448 1183 570 1226; x_wconf 91' lang='lat' dir='ltr'><strong>quam</strong></span> <span class='ocrx_word' id='word_1_77' title='bbox 617 1170 768 1212; x_wconf 87' lang='lat' dir='ltr'><strong>civitati</strong></span> <span class='ocrx_word' id='word_1_78' title='bbox 823 1168 1142 1212; x_wconf 86' lang='lat' dir='ltr'><strong>substruendam</strong></span> <span class='ocrx_word' id='word_1_79' title='bbox 1198 1170 1417 1212; x_wconf 83' lang='lat' dir='ltr'><strong>existimat.</strong></span> <span class='ocrx_word' id='word_1_80' title='bbox 1496 1165 1601 1211; x_wconf 87' lang='lat' dir='ltr'><strong>Nam</strong></span> 
     </span>
     <span class='ocr_line' id='line_1_13' title="bbox 207 1246 1598 1304; baseline -0.001 -17"><span class='ocrx_word' id='word_1_81' title='bbox 207 1246 439 1303; x_wconf 80' lang='lat' dir='ltr'><strong>respublica</strong></span> <span class='ocrx_word' id='word_1_82' title='bbox 469 1246 655 1289; x_wconf 85' lang='lat' dir='ltr'><strong>Platonis</strong></span> <span class='ocrx_word' id='word_1_83' title='bbox 688 1249 818 1304; x_wconf 88' lang='lat' dir='ltr'><strong>ipsam</strong></span> <span class='ocrx_word' id='word_1_84' title='bbox 850 1247 981 1289; x_wconf 89' lang='lat' dir='ltr'><strong>ideam</strong></span> <span class='ocrx_word' id='word_1_85' title='bbox 1018 1254 1058 1289; x_wconf 92' lang='lat' dir='ltr'><strong>et</strong></span> <span class='ocrx_word' id='word_1_86' title='bbox 1090 1247 1228 1290; x_wconf 87' lang='lat' dir='ltr'><strong>divina</strong></span> <span class='ocrx_word' id='word_1_87' title='bbox 1259 1250 1396 1288; x_wconf 88' lang='lat' dir='ltr'><strong>mente</strong></span> <span class='ocrx_word' id='word_1_88' title='bbox 1427 1246 1598 1302; x_wconf 89' lang='lat' dir='ltr'><strong>petitam</strong></span> 
     </span>
     <span class='ocr_line' id='line_1_14' title="bbox 206 1322 1599 1381; baseline -0.001 -14"><span class='ocrx_word' id='word_1_89' title='bbox 206 1323 411 1367; x_wconf 88' lang='lat' dir='ltr'><strong>Unitatem</strong></span> <span class='ocrx_word' id='word_1_90' title='bbox 449 1323 678 1367; x_wconf 90' lang='lat' dir='ltr'><strong>absolutam</strong></span> <span class='ocrx_word' id='word_1_91' title='bbox 717 1326 898 1369; x_wconf 84' lang='lat' dir='ltr'><strong>exhibet.</strong></span> <span class='ocrx_word' id='word_1_92' title='bbox 978 1325 1226 1369; x_wconf 86' lang='lat' dir='ltr'><strong>Aristoteles</strong></span> <span class='ocrx_word' id='word_1_93' title='bbox 1274 1325 1323 1368; x_wconf 87' lang='lat' dir='ltr'><strong>ab</strong></span> <span class='ocrx_word' id='word_1_94' title='bbox 1370 1324 1465 1381; x_wconf 80' lang='lat' dir='ltr'><strong>ipsa</strong></span> <span class='ocrx_word' id='word_1_95' title='bbox 1506 1322 1599 1366; x_wconf 85' lang='lat' dir='ltr'><strong>idea</strong></span> 
     </span>
     <span class='ocr_line' id='line_1_15' title="bbox 206 1403 1598 1465; baseline 0.004 -22"><span class='ocrx_word' id='word_1_96' title='bbox 206 1404 437 1445; x_wconf 86' lang='lat' dir='ltr'><strong>summatim</strong></span> <span class='ocrx_word' id='word_1_97' title='bbox 461 1403 735 1461; x_wconf 85' lang='lat' dir='ltr'><strong>proponenda</strong></span> <span class='ocrx_word' id='word_1_98' title='bbox 758 1406 920 1446; x_wconf 91' lang='lat' dir='ltr'><strong>initium</strong></span> <span class='ocrx_word' id='word_1_99' title='bbox 952 1403 1061 1446; x_wconf 87' lang='lat' dir='ltr'><strong>facit.</strong></span> <span class='ocrx_word' id='word_1_100' title='bbox 1126 1404 1194 1447; x_wconf 90' lang='lat' dir='ltr'><strong>Uti</strong></span> <span class='ocrx_word' id='word_1_101' title='bbox 1228 1407 1335 1447; x_wconf 91' lang='lat' dir='ltr'><strong>enim</strong></span> <span class='ocrx_word' id='word_1_102' title='bbox 1366 1407 1598 1465; x_wconf 87' lang='lat' dir='ltr'><strong>respublica</strong></span> 
     </span>
     <span class='ocr_line' id='line_1_16' title="bbox 207 1480 1597 1529; baseline 0.005 -8"><span class='ocrx_word' id='word_1_103' title='bbox 207 1480 393 1522; x_wconf 85' lang='lat' dir='ltr'><strong>Platonis</strong></span> <span class='ocrx_word' id='word_1_104' title='bbox 427 1482 468 1522; x_wconf 90' lang='lat' dir='ltr'><strong>in</strong></span> <span class='ocrx_word' id='word_1_105' title='bbox 499 1481 616 1529; x_wconf 86' lang='lat' dir='ltr'><strong>ideis,</strong></span> <span class='ocrx_word' id='word_1_106' title='bbox 648 1484 705 1524; x_wconf 92' lang='lat' dir='ltr'><strong>sic</strong></span> <span class='ocrx_word' id='word_1_107' title='bbox 727 1485 867 1525; x_wconf 89' lang='lat' dir='ltr'><strong>civitas</strong></span> <span class='ocrx_word' id='word_1_108' title='bbox 885 1482 1123 1524; x_wconf 90' lang='lat' dir='ltr'><strong>Aristotelis</strong></span> <span class='ocrx_word' id='word_1_109' title='bbox 1157 1485 1197 1524; x_wconf 89' lang='lat' dir='ltr'><strong>in</strong></span> <span class='ocrx_word' id='word_1_110' title='bbox 1229 1489 1375 1526; x_wconf 88' lang='lat' dir='ltr'><strong>natura</strong></span> <span class='ocrx_word' id='word_1_111' title='bbox 1408 1490 1597 1528; x_wconf 88' lang='lat' dir='ltr'><strong>versatur</strong></span> 
     </span>
     <span class='ocr_line' id='line_1_17' title="bbox 206 1557 1596 1618; baseline 0.005 -20"><span class='ocrx_word' id='word_1_112' title='bbox 206 1558 250 1599; x_wconf 93' lang='lat' dir='ltr'><strong>ln</strong></span> <span class='ocrx_word' id='word_1_113' title='bbox 284 1557 378 1600; x_wconf 88' lang='lat' dir='ltr'><strong>idea</strong></span> <span class='ocrx_word' id='word_1_114' title='bbox 406 1573 472 1601; x_wconf 87' lang='lat' dir='ltr'><strong>res</strong></span> <span class='ocrx_word' id='word_1_115' title='bbox 508 1561 725 1617; x_wconf 89' lang='lat' dir='ltr'><strong>oppositae</strong></span> <span class='ocrx_word' id='word_1_116' title='bbox 756 1560 877 1618; x_wconf 85' lang='lat' dir='ltr'><strong>plane</strong></span> <span class='ocrx_word' id='word_1_117' title='bbox 909 1559 1130 1610; x_wconf 88' lang='lat' dir='ltr'><strong>tolluntur,</strong></span> <span class='ocrx_word' id='word_1_118' title='bbox 1165 1559 1218 1602; x_wconf 88' lang='lat' dir='ltr'><strong>ad</strong></span> <span class='ocrx_word' id='word_1_119' title='bbox 1249 1559 1453 1605; x_wconf 88' lang='lat' dir='ltr'><strong>Unitatem</strong></span> <span class='ocrx_word' id='word_1_120' title='bbox 1486 1562 1596 1605; x_wconf 86' lang='lat' dir='ltr'><strong>redi-</strong></span> 
     </span>
     <span class='ocr_line' id='line_1_18' title="bbox 203 1641 1595 1698; baseline 0.003 -20"><span class='ocrx_word' id='word_1_121' title='bbox 203 1641 383 1692; x_wconf 69' lang='lat' dir='ltr'><strong>guntur,</strong></span> <span class='ocrx_word' id='word_1_122' title='bbox 418 1642 559 1680; x_wconf 88' lang='lat' dir='ltr'><strong>contra</strong></span> <span class='ocrx_word' id='word_1_123' title='bbox 591 1644 738 1681; x_wconf 90' lang='lat' dir='ltr'><strong>natura</strong></span> <span class='ocrx_word' id='word_1_124' title='bbox 771 1643 835 1681; x_wconf 89' lang='lat' dir='ltr'><strong>est</strong></span> <span class='ocrx_word' id='word_1_125' title='bbox 866 1641 1048 1694; x_wconf 79' lang='grc' dir='ltr'><strong><em>ἐνέργεια,</em></strong></span> <span class='ocrx_word' id='word_1_126' title='bbox 1083 1652 1187 1695; x_wconf 90' lang='lat' dir='ltr'><strong>quae</strong></span> <span class='ocrx_word' id='word_1_127' title='bbox 1220 1653 1311 1682; x_wconf 90' lang='lat' dir='ltr'><strong>sese</strong></span> <span class='ocrx_word' id='word_1_128' title='bbox 1342 1641 1432 1698; x_wconf 89' lang='lat' dir='ltr'><strong>ipsa</strong></span> <span class='ocrx_word' id='word_1_129' title='bbox 1479 1642 1595 1698; x_wconf 85' lang='lat' dir='ltr'><strong>quasi</strong></span> 
     </span>
     <span class='ocr_line' id='line_1_19' title="bbox 205 1715 1597 1777; baseline 0.006 -23"><span class='ocrx_word' id='word_1_130' title='bbox 205 1715 349 1771; x_wconf 80' lang='lat' dir='ltr'><strong>gignit.</strong></span> <span class='ocrx_word' id='word_1_131' title='bbox 415 1715 567 1757; x_wconf 89' lang='lat' dir='ltr'><strong>Civitas</strong></span> <span class='ocrx_word' id='word_1_132' title='bbox 601 1718 725 1774; x_wconf 84' lang='lat' dir='ltr'><strong>igitur</strong></span> <span class='ocrx_word' id='word_1_133' title='bbox 753 1716 966 1760; x_wconf 90' lang='lat' dir='ltr'><strong>Platonica</strong></span> <span class='ocrx_word' id='word_1_134' title='bbox 1008 1715 1177 1759; x_wconf 84' lang='lat' dir='ltr'><strong>exhibet</strong></span> <span class='ocrx_word' id='word_1_135' title='bbox 1205 1716 1338 1760; x_wconf 89' lang='lat' dir='ltr'><strong>ideam</strong></span> <span class='ocrx_word' id='word_1_136' title='bbox 1372 1733 1482 1770; x_wconf 87' lang='lat' dir='ltr'><strong>eam,</strong></span> <span class='ocrx_word' id='word_1_137' title='bbox 1517 1734 1597 1777; x_wconf 85' lang='lat' dir='ltr'><strong>qua</strong></span> 
     </span>
     <span class='ocr_line' id='line_1_20' title="bbox 206 1791 1597 1855; baseline 0.005 -22"><span class='ocrx_word' id='word_1_138' title='bbox 206 1806 348 1833; x_wconf 89' lang='lat' dir='ltr'><strong>omnes</strong></span> <span class='ocrx_word' id='word_1_139' title='bbox 390 1791 710 1844; x_wconf 89' lang='lat' dir='ltr'><strong>disiunctiones‚</strong></span> <span class='ocrx_word' id='word_1_140' title='bbox 761 1810 865 1853; x_wconf 89' lang='lat' dir='ltr'><strong>quae</strong></span> <span class='ocrx_word' id='word_1_141' title='bbox 906 1797 1014 1837; x_wconf 87' lang='lat' dir='ltr'><strong>inter</strong></span> <span class='ocrx_word' id='word_1_142' title='bbox 1056 1794 1255 1838; x_wconf 88' lang='lat' dir='ltr'><strong>mundum</strong></span> <span class='ocrx_word' id='word_1_143' title='bbox 1296 1795 1597 1855; x_wconf 84' lang='lat' dir='ltr'><strong>Intelligibilem</strong></span> 
     </span>
     <span class='ocr_line' id='line_1_21' title="bbox 206 1869 1595 1933; baseline 0.004 -22"><span class='ocrx_word' id='word_1_144' title='bbox 206 1876 246 1912; x_wconf 86' lang='lat' dir='ltr'><strong>et</strong></span> <span class='ocrx_word' id='word_1_145' title='bbox 269 1869 484 1913; x_wconf 88' lang='lat' dir='ltr'><strong>Visibilem</strong></span> <span class='ocrx_word' id='word_1_146' title='bbox 528 1873 807 1924; x_wconf 78' lang='lat' dir='ltr'><strong>intercedant,</strong></span> <span class='ocrx_word' id='word_1_147' title='bbox 852 1875 930 1916; x_wconf 90' lang='lat' dir='ltr'><strong>iam</strong></span> <span class='ocrx_word' id='word_1_148' title='bbox 971 1873 1130 1916; x_wconf 88' lang='lat' dir='ltr'><strong>solutae</strong></span> <span class='ocrx_word' id='word_1_149' title='bbox 1175 1875 1429 1933; x_wconf 83' lang='lat' dir='ltr'><strong>cogitentur,</strong></span> <span class='ocrx_word' id='word_1_150' title='bbox 1473 1880 1595 1932; x_wconf 87' lang='lat' dir='ltr'><strong>atque</strong></span> 
     </span>
     <span class='ocr_line' id='line_1_22' title="bbox 204 1949 1595 2008; baseline 0.004 -20"><span class='ocrx_word' id='word_1_151' title='bbox 204 1949 259 1989; x_wconf 88' lang='lat' dir='ltr'><strong>ita</strong></span> <span class='ocrx_word' id='word_1_152' title='bbox 292 1950 417 1989; x_wconf 87' lang='lat' dir='ltr'><strong>vitam</strong></span> <span class='ocrx_word' id='word_1_153' title='bbox 449 1956 684 2000; x_wconf 86' lang='lat' dir='ltr'><strong>externam,</strong></span> <span class='ocrx_word' id='word_1_154' title='bbox 719 1951 974 2008; x_wconf 79' lang='lat' dir='ltr'><strong>singulorum</strong></span> <span class='ocrx_word' id='word_1_155' title='bbox 1006 1951 1221 1993; x_wconf 90' lang='lat' dir='ltr'><strong>hominum</strong></span> <span class='ocrx_word' id='word_1_156' title='bbox 1249 1951 1501 2002; x_wconf 84' lang='lat' dir='ltr'><strong>libertatem,</strong></span> <span class='ocrx_word' id='word_1_157' title='bbox 1537 1954 1595 1994; x_wconf 87' lang='lat' dir='ltr'><strong>vi·</strong></span> 
     </span>
     <span class='ocr_line' id='line_1_23' title="bbox 206 2028 1593 2079; baseline -0.001 -5"><span class='ocrx_word' id='word_1_158' title='bbox 206 2038 286 2074; x_wconf 88' lang='lat' dir='ltr'><strong>tam</strong></span> <span class='ocrx_word' id='word_1_159' title='bbox 321 2031 608 2079; x_wconf 86' lang='lat' dir='ltr'><strong>domesticam,</strong></span> <span class='ocrx_word' id='word_1_160' title='bbox 651 2030 858 2071; x_wconf 85' lang='lat' dir='ltr'><strong>exteriora</strong></span> <span class='ocrx_word' id='word_1_161' title='bbox 898 2029 1086 2071; x_wconf 90' lang='lat' dir='ltr'><strong>instituta</strong></span> <span class='ocrx_word' id='word_1_162' title='bbox 1126 2030 1292 2072; x_wconf 89' lang='lat' dir='ltr'><strong>omnino</strong></span> <span class='ocrx_word' id='word_1_163' title='bbox 1333 2028 1439 2072; x_wconf 88' lang='lat' dir='ltr'><strong>tollit</strong></span> <span class='ocrx_word' id='word_1_164' title='bbox 1471 2034 1511 2072; x_wconf 87' lang='lat' dir='ltr'><strong>et</strong></span> <span class='ocrx_word' id='word_1_165' title='bbox 1541 2029 1593 2072; x_wconf 85' lang='lat' dir='ltr'><strong>ad</strong></span> 
     </span>
     <span class='ocr_line' id='line_1_24' title="bbox 202 2106 1594 2166; baseline -0.001 -14"><span class='ocrx_word' id='word_1_166' title='bbox 202 2109 335 2152; x_wconf 85' lang='lat' dir='ltr'><strong>ideam</strong></span> <span class='ocrx_word' id='word_1_167' title='bbox 365 2109 513 2151; x_wconf 86' lang='lat' dir='ltr'><strong>evehit.</strong></span> <span class='ocrx_word' id='word_1_168' title='bbox 580 2107 731 2150; x_wconf 85' lang='lat' dir='ltr'><strong>Contra</strong></span> <span class='ocrx_word' id='word_1_169' title='bbox 771 2106 1017 2149; x_wconf 89' lang='lat' dir='ltr'><strong>Aristoteles</strong></span> <span class='ocrx_word' id='word_1_170' title='bbox 1050 2106 1093 2148; x_wconf 94' lang='lat' dir='ltr'><strong>id</strong></span> <span class='ocrx_word' id='word_1_171' title='bbox 1133 2121 1336 2150; x_wconf 87' lang='lat' dir='ltr'><strong>summum</strong></span> <span class='ocrx_word' id='word_1_172' title='bbox 1365 2112 1505 2166; x_wconf 86' lang='lat' dir='ltr'><strong>putat,</strong></span> <span class='ocrx_word' id='word_1_173' title='bbox 1546 2115 1594 2151; x_wconf 94' lang='lat' dir='ltr'><strong>ut</strong></span> 
     </span>
     <span class='ocr_line' id='line_1_25' title="bbox 203 2186 1591 2244; baseline -0.001 -14"><span class='ocrx_word' id='word_1_174' title='bbox 203 2188 416 2238; x_wconf 87' lang='lat' dir='ltr'><strong>ostendat,</strong></span> <span class='ocrx_word' id='word_1_175' title='bbox 462 2186 670 2244; x_wconf 90' lang='lat' dir='ltr'><strong>quomodo</strong></span> <span class='ocrx_word' id='word_1_176' title='bbox 712 2201 849 2228; x_wconf 88' lang='lat' dir='ltr'><strong>rerum</strong></span> <span class='ocrx_word' id='word_1_177' title='bbox 891 2187 998 2228; x_wconf 87' lang='lat' dir='ltr'><strong>inter</strong></span> <span class='ocrx_word' id='word_1_178' title='bbox 1030 2200 1074 2227; x_wconf 87' lang='lat' dir='ltr'><strong>se</strong></span> <span class='ocrx_word' id='word_1_179' title='bbox 1116 2188 1399 2244; x_wconf 80' lang='lat' dir='ltr'><strong>oppositarum</strong></span> <span class='ocrx_word' id='word_1_180' title='bbox 1439 2187 1591 2230; x_wconf 91' lang='lat' dir='ltr'><strong>solutio</strong></span> 
     </span>
     <span class='ocr_line' id='line_1_26' title="bbox 202 2261 1592 2323; baseline -0.001 -16"><span class='ocrx_word' id='word_1_181' title='bbox 202 2265 404 2308; x_wconf 86' lang='lat' dir='ltr'><strong>efficiatur</strong></span> <span class='ocrx_word' id='word_1_182' title='bbox 432 2267 781 2323; x_wconf 88' lang='lat' dir='ltr'><strong>perveniaturque</strong></span> <span class='ocrx_word' id='word_1_183' title='bbox 814 2279 836 2306; x_wconf 90' lang='lat' dir='ltr'><strong>a</strong></span> <span class='ocrx_word' id='word_1_184' title='bbox 869 2261 1032 2319; x_wconf 78' lang='grc' dir='ltr'><strong><em>δυνάμει</em></strong></span> <span class='ocrx_word' id='word_1_185' title='bbox 1064 2264 1117 2307; x_wconf 91' lang='lat' dir='ltr'><strong>ad</strong></span> <span class='ocrx_word' id='word_1_186' title='bbox 1148 2267 1393 2320; x_wconf 79' lang='grc' dir='ltr'><strong><em>ἐντελέχειαν.</em></strong></span> <span class='ocrx_word' id='word_1_187' title='bbox 1455 2263 1592 2313; x_wconf 83' lang='lat' dir='ltr'><strong>Quare</strong></span> 
     </span>
     <span class='ocr_line' id='line_1_27' title="bbox 201 2341 1591 2400; baseline -0.001 -15"><span class='ocrx_word' id='word_1_188' title='bbox 201 2348 413 2399; x_wconf 72' lang='grc' dir='ltr'><strong><em>ἐνέργειαν,</em></strong></span> <span class='ocrx_word' id='word_1_189' title='bbox 446 2358 643 2386; x_wconf 89' lang='lat' dir='ltr'><strong>summam</strong></span> <span class='ocrx_word' id='word_1_190' title='bbox 677 2344 794 2400; x_wconf 87' lang='lat' dir='ltr'><strong>quasi</strong></span> <span class='ocrx_word' id='word_1_191' title='bbox 827 2348 999 2385; x_wconf 88' lang='lat' dir='ltr'><strong>naturae</strong></span> <span class='ocrx_word' id='word_1_192' title='bbox 1031 2341 1291 2392; x_wconf 82' lang='lat' dir='ltr'><strong>facultatem,</strong></span> <span class='ocrx_word' id='word_1_193' title='bbox 1324 2343 1478 2400; x_wconf 84' lang='lat' dir='ltr'><strong>quippe</strong></span> <span class='ocrx_word' id='word_1_194' title='bbox 1510 2357 1591 2399; x_wconf 84' lang='lat' dir='ltr'><strong>qua</strong></span> 
     </span>
     <span class='ocr_line' id='line_1_28' title="bbox 198 2419 1590 2472; baseline -0.001 -8"><span class='ocrx_word' id='word_1_195' title='bbox 198 2436 264 2464; x_wconf 88' lang='lat' dir='ltr'><strong>res</strong></span> <span class='ocrx_word' id='word_1_196' title='bbox 298 2420 419 2472; x_wconf 89' lang='lat' dir='ltr'><strong>fiant,</strong></span> <span class='ocrx_word' id='word_1_197' title='bbox 455 2422 556 2471; x_wconf 89' lang='lat' dir='ltr'><strong>sint,</strong></span> <span class='ocrx_word' id='word_1_198' title='bbox 599 2423 820 2471; x_wconf 88' lang='lat' dir='ltr'><strong>exsistant,</strong></span> <span class='ocrx_word' id='word_1_199' title='bbox 863 2420 915 2464; x_wconf 88' lang='lat' dir='ltr'><strong>ad</strong></span> <span class='ocrx_word' id='word_1_200' title='bbox 947 2420 1057 2463; x_wconf 88' lang='lat' dir='ltr'><strong>aliud</strong></span> <span class='ocrx_word' id='word_1_201' title='bbox 1091 2435 1182 2463; x_wconf 89' lang='lat' dir='ltr'><strong>sese</strong></span> <span class='ocrx_word' id='word_1_202' title='bbox 1224 2419 1433 2470; x_wconf 87' lang='lat' dir='ltr'><strong>evolvant,</strong></span> <span class='ocrx_word' id='word_1_203' title='bbox 1473 2421 1590 2463; x_wconf 89' lang='lat' dir='ltr'><strong>initio</strong></span> 
     </span>
     <span class='ocr_line' id='line_1_29' title="bbox 198 2499 1587 2557; baseline 0 -16"><span class='ocrx_word' id='word_1_204' title='bbox 198 2502 348 2557; x_wconf 88' lang='lat' dir='ltr'><strong>operis,</strong></span> <span class='ocrx_word' id='word_1_205' title='bbox 384 2499 497 2557; x_wconf 91' lang='lat' dir='ltr'><strong>quod</strong></span> <span class='ocrx_word' id='word_1_206' title='bbox 530 2505 592 2542; x_wconf 90' lang='lat' dir='ltr'><strong>est</strong></span> <span class='ocrx_word' id='word_1_207' title='bbox 624 2499 674 2541; x_wconf 87' lang='lat' dir='ltr'><strong>de</strong></span> <span class='ocrx_word' id='word_1_208' title='bbox 705 2499 883 2557; x_wconf 88' lang='lat' dir='ltr'><strong>politicis</strong></span> <span class='ocrx_word' id='word_1_209' title='bbox 913 2499 1051 2550; x_wconf 90' lang='lat' dir='ltr'><strong>rebus,</strong></span> <span class='ocrx_word' id='word_1_210' title='bbox 1085 2500 1248 2556; x_wconf 90' lang='lat' dir='ltr'><strong>posuit,</strong></span> <span class='ocrx_word' id='word_1_211' title='bbox 1282 2502 1322 2539; x_wconf 90' lang='lat' dir='ltr'><strong>et</strong></span> <span class='ocrx_word' id='word_1_212' title='bbox 1354 2499 1477 2540; x_wconf 87' lang='lat' dir='ltr'><strong>vitam</strong></span> <span class='ocrx_word' id='word_1_213' title='bbox 1509 2499 1587 2541; x_wconf 91' lang='lat' dir='ltr'><strong>hu-</strong></span> 
     </span>
     <span class='ocr_line' id='line_1_30' title="bbox 197 2573 1586 2636; baseline -0.001 -16"><span class='ocrx_word' id='word_1_214' title='bbox 197 2592 358 2620; x_wconf 88' lang='lat' dir='ltr'><strong>manam</strong></span> <span class='ocrx_word' id='word_1_215' title='bbox 386 2578 435 2621; x_wconf 88' lang='lat' dir='ltr'><strong>ab</strong></span> <span class='ocrx_word' id='word_1_216' title='bbox 470 2593 538 2630; x_wconf 90' lang='lat' dir='ltr'><strong>ea,</strong></span> <span class='ocrx_word' id='word_1_217' title='bbox 584 2593 688 2636; x_wconf 88' lang='lat' dir='ltr'><strong>quae</strong></span> <span class='ocrx_word' id='word_1_218' title='bbox 721 2579 764 2621; x_wconf 91' lang='lat' dir='ltr'><strong>in</strong></span> <span class='ocrx_word' id='word_1_219' title='bbox 797 2577 1003 2628; x_wconf 88' lang='lat' dir='ltr'><strong>absoluta,</strong></span> <span class='ocrx_word' id='word_1_220' title='bbox 1046 2584 1094 2620; x_wconf 90' lang='lat' dir='ltr'><strong>ut</strong></span> <span class='ocrx_word' id='word_1_221' title='bbox 1125 2577 1182 2619; x_wconf 88' lang='lat' dir='ltr'><strong>ita</strong></span> <span class='ocrx_word' id='word_1_222' title='bbox 1214 2573 1369 2627; x_wconf 84' lang='lat' dir='ltr'><strong>dicam,</strong></span> <span class='ocrx_word' id='word_1_223' title='bbox 1399 2575 1586 2620; x_wconf 90' lang='lat' dir='ltr'><strong>Platonis</strong></span> 
     </span>
     <span class='ocr_line' id='line_1_31' title="bbox 196 2652 1586 2713; baseline 0 -16"><span class='ocrx_word' id='word_1_224' title='bbox 196 2655 407 2713; x_wconf 85' lang='lat' dir='ltr'><strong>republica</strong></span> <span class='ocrx_word' id='word_1_225' title='bbox 440 2663 621 2713; x_wconf 87' lang='lat' dir='ltr'><strong>apparet,</strong></span> <span class='ocrx_word' id='word_1_226' title='bbox 657 2658 714 2699; x_wconf 91' lang='lat' dir='ltr'><strong>sic</strong></span> <span class='ocrx_word' id='word_1_227' title='bbox 732 2657 949 2713; x_wconf 87' lang='lat' dir='ltr'><strong>separavit,</strong></span> <span class='ocrx_word' id='word_1_228' title='bbox 981 2661 1028 2697; x_wconf 90' lang='lat' dir='ltr'><strong>ut</strong></span> <span class='ocrx_word' id='word_1_229' title='bbox 1045 2655 1125 2696; x_wconf 91' lang='lat' dir='ltr'><strong>nisi</strong></span> <span class='ocrx_word' id='word_1_230' title='bbox 1153 2668 1291 2695; x_wconf 88' lang='lat' dir='ltr'><strong>rerum</strong></span> <span class='ocrx_word' id='word_1_231' title='bbox 1316 2652 1586 2697; x_wconf 88' lang='lat' dir='ltr'><strong>humanarum</strong></span> 
     </span>
     <span class='ocr_line' id='line_1_32' title="bbox 196 2730 1585 2792; baseline 0 -16"><span class='ocrx_word' id='word_1_232' title='bbox 196 2734 431 2792; x_wconf 79' lang='lat' dir='ltr'><strong>cognitione</strong></span> <span class='ocrx_word' id='word_1_233' title='bbox 472 2732 593 2790; x_wconf 79' lang='lat' dir='ltr'><strong>plane</strong></span> <span class='ocrx_word' id='word_1_234' title='bbox 627 2732 848 2781; x_wconf 79' lang='lat' dir='ltr'><strong>exhausta,</strong></span> <span class='ocrx_word' id='word_1_235' title='bbox 890 2732 943 2775; x_wconf 83' lang='lat' dir='ltr'><strong>ad</strong></span> <span class='ocrx_word' id='word_1_236' title='bbox 984 2732 1101 2775; x_wconf 84' lang='lat' dir='ltr'><strong>ideae</strong></span> <span class='ocrx_word' id='word_1_237' title='bbox 1141 2730 1353 2777; x_wconf 80' lang='lat' dir='ltr'><strong>absolutae</strong></span> <span class='ocrx_word' id='word_1_238' title='bbox 1386 2734 1585 2792; x_wconf 80' lang='lat' dir='ltr'><strong>cognitio·</strong></span> 
     </span>
    </p>
   </div>
  </div>
 </body>
</html>
