1799 3104
749 816 1143 886 ERRATA

277 976 375 1035 Pag.
442 973 469 1018 6
502 975 571 1018 lin.
606 972 666 1019 2-8
698 990 774 1033 pro
800 977 853 1018 sit
882 975 974 1033 lege
1008 981 1130 1018 esset.

442 1052 474 1098 8
527 1074 544 1092 n
614 1052 665 1097 11
701 1060 798 1112 post
831 1060 879 1097 ut
911 1054 1017 1096 adde
1050 1069 1134 1097 non
1167 1054 1302 1098 modo.

315 1153 333 1172 »
417 1130 472 1178 19
528 1154 545 1172 »
614 1131 665 1176 11
704 1148 779 1191 pro
814 1132 967 1177 Glanco
998 1133 1089 1191 lege
1121 1132 1288 1176 Glauco.

316 1232 335 1252 »
420 1209 477 1257 19
537 1233 554 1252 n
623 1209 680 1256 18
711 1227 787 1271 pro
807 1212 928 1255 huus
959 1212 1050 1271 lege
1081 1212 1218 1256 huius.

316 1312 334 1331 »
420 1289 480 1335 20
536 1312 552 1329 »
650 1290 677 1334 6
707 1306 783 1348 pro
816 1290 1013 1333 dascribit
1044 1291 1137 1349 lege
1172 1290 1379 1335 describit.

321 1391 338 1411 ι
421 1368 481 1415 24
538 1390 556 1409 »ι
622 1366 679 1414 23
712 1384 788 1428 pro
822 1369 939 1413 nabis
975 1369 1066 1428 lege
1098 1370 1232 1414 nobis.

317 1469 333 1487 ι)
416 1447 475 1492 30
529 1468 545 1486 »
641 1447 669 1491 2
702 1462 778 1507 pro
812 1448 956 1490 salutis
987 1448 1078 1507 lege
1110 1448 1295 1491 salutem.

316 1548 335 1567 »
418 1526 476 1571 32
537 1547 555 1567 »
624 1525 681 1570 17
711 1542 788 1585 pro
819 1529 983 1570 tertiam
1013 1527 1105 1586 lege
1139 1529 1319 1570 tertium.

318 1627 335 1646 »
417 1605 476 1650 42
507 1621 600 1650 ann.
652 1605 673 1650 1
710 1621 786 1665 pro
819 1605 953 1650 Bitter
987 1606 1078 1666 lege
1108 1605 1257 1650 Ritter.

313 1706 330 1725 »
410 1684 470 1728 43
526 1706 543 1724 »
611 1683 668 1728 10
699 1700 775 1743 pro
807 1687 1007 1743 poposuit
1036 1686 1128 1744 lege
1159 1687 1391 1744 proposuit.

318 1785 335 1803 »
415 1762 475 1808 43
530 1785 547 1804 »
612 1762 670 1808 25
705 1780 781 1823 pro
815 1770 969 1808 sectum
1003 1764 1094 1824 lege
1127 1770 1303 1809 sextum.

316 1864 333 1882 »
412 1842 475 1886 44
531 1863 547 1882 »
644 1841 673 1887 8
705 1849 801 1902 post
833 1845 991 1902 optimo
1018 1843 1124 1887 adde
1154 1846 1256 1888 viro.

318 1943 335 1961 »
416 1919 469 1965 51
532 1942 549 1961 »
614 1921 672 1967 25
706 1938 782 1981 pro
831 1922 1035 1967 sublimen
1074 1924 1165 1983 lege
1213 1924 1439 1969 sublimem.

819 2150 1112 2162 —

821 2164 1111 2172 ————..
