1799 3104
242 206 313 260 ⁷8

241 349 360 393 Plato
393 353 531 391 autem
562 349 605 391 in
636 347 752 392 libris
785 347 835 391 de
865 347 1078 407 republica
1110 347 1302 407 Lycurgo
1336 347 1635 408 comparandus

242 430 316 479 sit,
359 429 429 486 qui
462 428 519 470 sic
558 429 783 487 processit,
822 432 869 470 ut
909 441 1181 485 quaecunque
1219 442 1242 469 a
1274 429 1477 471 communi
1510 441 1635 486 repu-

241 507 346 550 blica
389 507 574 566 singulos
613 510 721 550 cives
764 508 1051 565 seiungerent,
1096 520 1311 564 quousque
1351 505 1442 548 fieri
1480 511 1634 564 posset,

242 591 486 629 removeret.
552 584 642 635 Qua
680 587 840 627 ratione
881 599 1087 643 perpensa
1118 584 1309 627 facillime
1343 585 1454 626 cerni
1485 586 1631 642 possit,

241 678 458 722 quamnam
490 663 739 705 Aristoteles
771 663 849 705 sibi
883 662 1051 704 finxerit
1082 664 1262 720 optimae
1295 663 1469 704 civitatis
1487 662 1633 705 ideam.

242 741 408 801 Optima
438 743 545 784 enim
578 742 719 784 civitas
752 756 799 783 ea
833 746 908 792 est,
943 743 986 783 in
1015 755 1096 798 qua
1127 742 1263 783 omnia
1281 740 1494 792 elementa,
1529 755 1634 799 quae

241 823 284 863 in
317 822 464 864 ceteris
497 827 716 878 apparent,
761 821 937 862 maxime
978 824 1163 877 potestas
1197 819 1369 862 divitum
1405 824 1446 861 et
1476 834 1634 877 paupe-

240 915 330 944 rum
376 900 621 957 aequissima
652 900 811 941 ratione
842 898 972 941 divisa
1007 904 1124 950 sunt,
1159 913 1234 941 seu
1269 898 1339 942 ubi
1370 900 1502 941 virtus
1536 913 1630 956 per-

240 978 347 1021 fecta
380 993 471 1020 cum
500 979 550 1020 iis
584 992 688 1035 quae
723 977 775 1019 ad
806 979 915 1020 vitae
947 992 1067 1020 usum
1101 983 1198 1020 sunt
1228 977 1386 1035 [idonea
1419 982 1461 1019 et
1491 991 1634 1019 nece-s-

240 1059 360 1109 saria,
392 1055 543 1100 deinde
577 1071 668 1099 cum
698 1056 911 1099 hominum
946 1060 1094 1099 natura
1128 1060 1169 1098 et
1197 1055 1357 1107 indole,
1394 1070 1477 1099 non
1509 1054 1632 1098 modo

240 1151 346 1194 quae
381 1135 577 1179 divinitus
610 1137 746 1187 insita,
781 1135 856 1178 sed
888 1150 993 1193 quae
1025 1140 1280 1193 temporum,
1319 1150 1501 1186 morum,
1536 1134 1632 1177 alia-

240 1229 414 1273 rumque
446 1230 585 1258 rerum
618 1213 853 1258 conditione
886 1216 997 1257 varie
1019 1218 1176 1256 mutata
1201 1219 1276 1265 est,
1311 1228 1430 1271 quam
1456 1214 1633 1256 maxime

240 1295 482 1337 consentiat.
553 1293 665 1336 Haec
716 1299 778 1335 est
824 1307 946 1351 quam
986 1291 1233 1336 Aristoteles
1282 1289 1481 1348 μεσότητα
1522 1291 1632 1344 dicit,

238 1386 360 1432 quam
392 1373 435 1415 in
467 1371 581 1416 nulla
612 1387 773 1424 earum,
815 1385 920 1430 quae
952 1376 1075 1415 notae
1108 1375 1270 1422 essent,
1317 1371 1526 1414 civitatum
1558 1370 1631 1414 ad-

239 1467 330 1495 esse
364 1450 557 1494 ostendit.
623 1450 670 1494 Si
701 1452 839 1510 igitur,
874 1449 986 1508 quod
1019 1452 1167 1509 cuique
1211 1452 1391 1493 occurrit
1423 1455 1464 1493 et
1496 1452 1629 1509 primo

237 1532 353 1588 quasi
386 1529 585 1589 adspectu
616 1530 831 1589 probabile
870 1544 960 1572 esse
994 1528 1177 1581 videtur,
1219 1529 1316 1573 licet
1345 1528 1554 1588 profiteri,
1589 1534 1629 1573 et

234 1609 451 1653 Platonem
482 1613 522 1651 et
552 1608 821 1653 Aristotelem
852 1607 986 1651 ideam
1018 1610 1192 1651 civitatis
1224 1610 1494 1668 proposuisse
1527 1607 1627 1651 dici-

237 1703 353 1739 mus,
390 1693 609 1745 utramque
656 1686 943 1746 perdifficilem
992 1686 1044 1729 ad
1088 1686 1404 1745 perficiendum,
1453 1692 1632 1730 attamen

237 1766 454 1809 Platonem
485 1765 620 1808 ideam
662 1765 891 1809 absolutam
921 1780 1056 1824 neque
1086 1765 1290 1808 humanae
1328 1767 1455 1808 menti
1489 1781 1630 1824 capes-

237 1845 428 1897 sendam,
480 1845 749 1889 Aristotelem
796 1861 904 1889 vero,
943 1846 1155 1889 hominum
1203 1847 1369 1905 ingenio
1413 1850 1628 1889 consenta-

236 1940 368 1970 neam.

360 2002 519 2053 Quodsi
560 2007 743 2053 constat,
786 2004 829 2044 in
869 2004 1024 2061 optima
1067 2004 1230 2045 civitate
1275 2008 1430 2046 ceteras
1474 2001 1627 2047 formas

237 2082 440 2125 contineri
480 2086 522 2124 et
553 2095 657 2139 quae
698 2080 900 2124 elementa
939 2079 1089 2124 infesta
1117 2083 1224 2124 inter
1266 2096 1310 2124 se
1353 2086 1539 2141 pugnant
1582 2097 1630 2126 ea

235 2161 407 2204 dissolvi
439 2164 655 2219 oportere,
696 2160 900 2219 reliquum
936 2166 1020 2212 est,
1051 2166 1099 2205 ut
1129 2159 1282 2204 formas
1312 2161 1401 2204 illas
1435 2160 1628 2204 ostenda-

236 2255 340 2285 mus,
406 2238 497 2290 Quo
540 2238 649 2283 facto
692 2255 768 2299 per
799 2255 843 2283 sc
874 2245 1011 2299 patet,
1055 2256 1162 2299 quae
1206 2241 1259 2283 sit
1308 2255 1405 2284 vera
1442 2238 1624 2296 μεσότης.

234 2318 483 2362 Aristoteles
515 2320 621 2362 enim
655 2335 753 2371 non,
779 2321 842 2362 uti
871 2319 1005 2370 Plato,
1042 2321 1224 2378 quinque
1254 2319 1399 2371 modo,
1445 2319 1520 2362 sed
1553 2335 1629 2364 sex

234 2397 487 2456 reipublicae
534 2413 687 2456 genera
736 2398 971 2458 distinguit3
1033 2400 1111 2442 tria
1156 2399 1286 2449 bona,
1336 2399 1626 2451 monarchiam,

235 2476 533 2519 aristocratiam
565 2481 607 2519 et
637 2476 847 2535 politiam3
876 2479 955 2521 tria
985 2492 1084 2521 vero
1115 2477 1234 2528 mala,
1269 2475 1530 2536 oligarchiam
1554 2477 1626 2521 de-

235 2557 472 2599 mocratiam
513 2561 554 2599 et
603 2555 862 2611 tyrannidem
892 2556 969 2615 (1).
1051 2554 1334 2601 Monarchiam
1380 2556 1627 2602 Aristoteles

333 2722 388 2775 (1)
414 2725 476 2758 Ar.
504 2726 577 2769 pol,
604 2724 662 2768 lv,
687 2726 723 2767 2,
751 2727 771 2759 1
801 2732 835 2758 et
860 2726 895 2767 2.
