1799 3104
220 274 291 326 82

219 418 344 460 homo
384 418 538 460 virtute
576 422 793 476 tantopere
834 417 980 460 ceteris
1020 416 1277 476 praestabat,
1320 417 1476 478 populo
1510 431 1608 461 suae

220 498 351 556 ipsius
383 499 604 555 potestatis
637 503 677 540 et
708 499 985 556 praestantiae
1012 499 1141 556 magis
1175 498 1338 540 conscio
1371 496 1492 549 facto,
1524 499 1609 539 sin-

219 575 341 633 gulae
371 581 516 634 gentes
547 578 727 619 minores
766 575 855 619 fieri
901 581 1071 635 coeptae
1111 581 1219 619 sunt.
1299 574 1419 619 Unde
1459 577 1608 626 evenit,

220 659 268 697 ut
301 656 484 697 externis
509 655 673 697 auxiliis
704 660 745 697 et
774 655 922 713 opibus
955 655 999 698 id
1040 655 1118 698 sibi
1150 669 1340 713 arrogare
1380 653 1609 705 studerent,

220 732 333 790 quod
361 734 530 791 propria
562 732 760 791 dignitate
793 735 994 792 attingere
1027 733 1264 792 nequibant.
1328 732 1609 776 Evanescente

220 813 345 869 igitur
375 814 541 863 virtute,
575 813 831 854 aristocratia
861 814 905 854 iu
938 812 1200 871 oligarchiam
1229 817 1384 855 mutata
1417 817 1491 854 est.

343 889 600 948 Oligarchiae
641 905 792 933 nomen
823 904 899 948 per
939 905 984 933 se
1015 891 1095 932 iam
1126 890 1300 942 indicat,
1346 890 1397 932 de
1438 904 1609 933 numero

219 970 531 1029 imperantium,
574 983 709 1027 neque
740 984 838 1013 vero
880 969 931 1012 de
970 985 1018 1012 ea
1049 985 1130 1027 qua
1170 969 1426 1014 excellebant
1459 971 1609 1012 virtute

221 1050 391 1106 cogitari
409 1046 485 1104 (1)
567 1047 753 1105 Namque
796 1050 1052 1090 aristocratia
1087 1055 1128 1090 et
1167 1063 1273 1106 quae
1308 1051 1346 1090 ei
1385 1046 1610 1106 respondet

220 1126 443 1186 oligarchia
475 1126 587 1185 apud
620 1125 799 1171 Graecos
830 1141 914 1170 non
947 1132 1011 1170 est
1041 1128 1215 1171 civitatis
1247 1126 1447 1186 quaedam
1479 1125 1611 1169 forma

220 1205 328 1249 forte
360 1208 568 1257 instituta,
612 1208 674 1248 uti
707 1206 943 1248 monarchia
984 1211 1025 1248 et
1055 1208 1265 1263 tyrannis,
1291 1205 1365 1248 sed
1397 1220 1450 1248 ex
1479 1206 1610 1264 ipsius

220 1284 367 1343 populi
390 1284 529 1327 indole
567 1289 608 1327 et
648 1283 853 1327 desiderio
890 1285 1041 1327 sensim
1070 1284 1406 1343 pedetentimque
1448 1283 1612 1326 exculta

221 1368 295 1405 est.
360 1363 522 1419 Ubique
546 1368 682 1404 tamen
705 1377 839 1421 neque
883 1365 926 1405 in
959 1363 1182 1422 oligarchia
1222 1378 1307 1406 non
1349 1362 1473 1406 debet
1501 1362 1611 1404 exsi-

221 1447 330 1484 stere
372 1441 536 1484 illorum
577 1445 647 1499 qui
688 1448 864 1499 regnant
902 1456 1032 1499 aequa
1072 1448 1257 1500 potestas
1276 1440 1361 1499 (2),
1403 1447 1444 1483 et
1479 1441 1612 1483 caveri

222 1525 435 1579 oporteat,
479 1534 531 1562 ne
564 1519 631 1561 alii
675 1521 855 1562 existant
896 1519 1107 1563 divitiores
1149 1526 1190 1563 et
1218 1519 1435 1570 fortiores,
1478 1520 1536 1562 ita
1567 1523 1615 1560 ut

222 1600 265 1641 in
296 1600 386 1657 ipsa
420 1598 641 1657 oligarchia
674 1598 800 1641 altera
840 1598 1063 1657 oligarchia
1104 1604 1308 1642 nascatur.
1383 1597 1615 1657 Oligarchia

223 1692 322 1721 vero
355 1677 629 1721 democratiae
660 1678 782 1736 plane
827 1684 890 1720 est
929 1680 1154 1730 contraria3
1196 1694 1290 1721 nam
1319 1693 1410 1721 cum
1441 1679 1485 1721 in
1515 1678 1614 1719 civi-

224 1762 308 1799 tate
341 1756 615 1799 democratica
655 1771 880 1814 pauperes,
927 1758 997 1814 qui
1036 1758 1078 1799 in
1122 1757 1388 1801 concionibus
1433 1755 1615 1799 iudicum

226 1850 397 1878 munere
439 1834 692 1894 funguntur,
741 1837 958 1894 pecuniam
1005 1837 1259 1894 acciperent,
1310 1838 1353 1879 in
1394 1834 1616 1893 eligarchia

228 1913 495 1973 optimatibus
527 1916 591 1966 iis,
625 1916 695 1972 qui
728 1914 837 1957 illam
868 1929 1007 1958 curam
1036 1929 1121 1958 non
1152 1914 1443 1974 suscipiebant,
1490 1912 1617 1956 multa

225 1993 424 2037 solvenda
458 2000 545 2035 erat
561 1991 642 2049 (3).
705 1993 767 2035 Ac
793 1995 899 2035 sicut
929 2000 1076 2035 natura
1092 1993 1391 2050 Spartanorum
1422 1997 1462 2034 et
1484 1991 1617 2036 Athe-

227 2072 433 2114 niensium
467 2072 671 2112 contraria
703 2076 818 2121 erat,
853 2072 911 2113 sic
939 2072 1060 2113 etiam
1092 2070 1209 2114 aliam
1244 2072 1417 2115 civitatis
1446 2069 1617 2114 sormam

226 2149 455 2202 habebant3
489 2149 532 2192 hi
567 2150 673 2192 enim
710 2151 831 2193 etiam
864 2149 941 2193 sub
973 2151 1145 2209 imperio
1176 2150 1423 2209 oligarchico
1455 2165 1619 2209 semper

228 2228 540 2279 democratiam,
582 2228 639 2270 illi
689 2243 786 2271 vero
827 2229 1089 2287 oligarchiam
1126 2230 1342 2273 instituere
1382 2234 1423 2272 et
1454 2244 1618 2272 servare

228 2306 451 2351 studebant
475 2306 555 2366 (4).
630 2307 821 2352 Ceterum
864 2307 1025 2368 singula
1063 2307 1115 2352 de
1155 2308 1375 2367 oligarchia
1405 2308 1525 2352 valde
1554 2310 1617 2351 in-

229 2393 339 2428 certe
377 2393 499 2445 atque
542 2386 717 2430 obscure
760 2387 869 2430 dicta
900 2393 1019 2439 sunt,
1051 2389 1210 2432 etiamsi
1242 2401 1497 2430 communem
1529 2401 1616 2430 om-

324 2532 379 2577 (1)
405 2535 455 2571 ih.
482 2535 550 2576 111,
577 2534 613 2576 5,
640 2535 676 2570 7.
702 2535 764 2576 lv,
792 2535 850 2576 10,
876 2535 911 2570 2.

326 2592 381 2636 (2)
408 2595 458 2630 n».
486 2595 546 2637 lv,
574 2595 631 2638 10,
658 2595 691 2630 1.
717 2595 780 2628 011.
807 2595 849 2637 V,
875 2595 909 2637 τ,
936 2595 995 2631 16.

325 2652 382 2701 (3)
411 2656 462 2691 ib.
490 2656 548 2698 IV,
576 2656 611 2698 7,
638 2655 672 2689 2.
699 2656 760 2689 cll.
787 2655 1031 2689 Waelismuth
1056 2655 1082 2687 1.
1108 2654 1134 2690 l.
1162 2654 1193 2696 Ι,
1220 2652 1256 2687 2.
1283 2664 1315 2696 p,
1343 2653 1415 2688 202
1441 2660 1475 2688 et
1500 2654 1583 2693 205.

326 2710 382 2759 (4)
410 2714 473 2751 Ar.
499 2716 572 2759 pol.
600 2717 640 2758 V,
667 2713 701 2759 5,
728 2716 764 2752 9.
