1799 3104
1546 259 1613 309 57

233 399 477 460 expediant,
520 403 604 441 tum
649 412 747 441 sane
780 395 989 440 fatendum
1025 403 1109 448 est,
1153 398 1258 441 bene
1292 399 1412 442 saluti
1443 401 1617 442 civitatis

233 477 462 523 consultum
497 491 600 519 esse.
663 476 723 518 Eo
757 477 864 518 enim
886 475 1074 534 profecto
1101 483 1258 519 constat
1286 494 1382 521 vera
1404 479 1616 522 hominum

232 556 353 599 animi
376 554 555 603 libertas.
604 546 726 603 Quod
758 569 855 596 vero
888 555 1096 612 politicam
1120 555 1303 597 Platonis
1334 556 1465 597 ideam
1496 558 1618 613 plane

231 633 416 691 neglexit
444 645 580 690 neque
609 631 733 673 ullam
763 630 849 674 fere
882 632 939 674 illi
971 635 1183 675 veritatem
1219 636 1434 691 concessit,
1467 635 1619 676 nullam

230 712 395 760 omnino
421 710 687 769 pulcherrimi
718 710 826 754 illius
860 727 1019 755 morum
1044 714 1249 770 principii,
1280 712 1391 770 quod
1413 714 1454 755 in
1474 713 1618 755 ethicis

229 791 514 849 pertractavit,
552 794 622 830 τοῦ
657 793 798 843 μέσου,
837 793 878 832 in
922 791 1169 848 disputando
1213 791 1377 847 quidem
1418 794 1619 834 rationem

230 868 396 918 habuit,
432 872 473 909 et
503 872 613 910 recte
645 867 879 921 Aristoteli,
915 869 1027 926 quod
1057 871 1145 927 ipse
1178 871 1218 911 in
1265 869 1437 911 Platone
1477 885 1618 928 repre-

229 946 386 996 hendit,
429 945 494 987 »τὸ
518 950 558 988 ἐν
580 956 659 996 τοῖς
681 944 808 1003 λόγοις
826 948 1039 1002 ἐριστικοὺς
1055 957 1180 990 ποιεῖν
1201 945 1497 1004 συλλογιςμούςι(
1536 948 1616 1004 (IL,

232 1021 271 1077 1,
306 1021 382 1078 9.),
417 1023 536 1068 obiici
568 1026 733 1084 poterit.

229 1539 271 1583 C.
305 1539 374 1581 De
403 1539 1100 1598 reipublicaeAristoteliae
1125 1541 1307 1597 primis
1335 1540 1615 1583 elementis

680 1623 831 1676 atque
865 1617 1155 1661 ordinibus.

349 1726 461 1770 Haec
500 1725 587 1769 fere
619 1732 704 1785 estQ
747 1741 852 1785 quae
893 1741 1050 1769 summa
1091 1727 1340 1785 reipublicae
1373 1729 1488 1770 notio
1520 1728 1616 1771 Ari-

228 1806 366 1849 stoteli
388 1806 603 1864 proposita
625 1804 716 1848 fuit.
772 1806 856 1848 Iam
888 1805 1169 1863 quaerendum
1202 1811 1277 1857 est,
1311 1821 1416 1864 quae
1442 1808 1495 1849 sit
1521 1809 1618 1849 civi-

227 1887 322 1929 tatis
347 1887 462 1943 origo
488 1890 529 1927 et
548 1900 652 1942 quae
677 1887 761 1927 sint
783 1885 852 1926 illa
884 1899 989 1943 quae
1015 1885 1113 1927 dicit
1154 1884 1225 1927 »τὰ
1249 1882 1437 1941 ἐλάχιστα
1468 1884 1611 1943 μύριαι(

227 1980 301 2007 seu
328 1966 462 2024 prima
495 1964 669 2006 civitatis
690 1963 902 2006 elementa,
969 1962 1082 2012 Quae
1115 1964 1187 2005 ubi
1211 1966 1538 2021 exposuerimus,
1575 1968 1617 2007 in

226 2049 366 2101 partes
398 2043 518 2086 nobis
552 2043 962 2102 civitatisbregendae
995 2058 1069 2085 seu
1102 2042 1289 2093 ordines,
1331 2044 1400 2100 qui
1435 2042 1621 2086 efficiunt

229 2123 401 2166 civitatis
434 2136 553 2181 quam
604 2122 774 2166 dicimus
807 2125 997 2180 ἐνέργειαν
1028 2137 1103 2165 seu
1129 2124 1342 2174 actionem,
1374 2124 1516 2181 paucis
1556 2124 1618 2165 in-

228 2202 473 2260 quirendum
507 2216 597 2244 esse
626 2201 909 2245 iudicavimus.

351 2281 534 2325 Civitatis
577 2282 691 2339 origo
734 2296 788 2323 ex
825 2280 1062 2323 Aristotelis
1103 2281 1305 2323 sententia
1337 2295 1390 2323 ex
1426 2282 1516 2339 ipsa
1546 2297 1618 2325 na-

228 2366 321 2404 tura
364 2366 427 2403 est
462 2358 697 2418 repetenda.
776 2359 870 2401 Duo
927 2361 1034 2402 enim
1077 2365 1174 2401 sunt
1214 2374 1351 2401 rerum
1403 2362 1618 2419 principia,

229 2440 378 2498 quibus
409 2445 592 2499 apparet,
625 2443 752 2482 totam
776 2443 962 2481 naturam
997 2437 1158 2482 divinae
1184 2454 1273 2482 esse
1298 2441 1481 2498 originis,
1518 2456 1618 2498 qua-

228 2533 320 2562 rum
360 2519 487 2562 altera
529 2523 591 2563 est
637 2519 703 2562 vis,
745 2518 1023 2576 propagandi,
1067 2518 1193 2562 altera
1231 2519 1293 2561 vis
1335 2519 1616 2561 conservandi.

228 2595 328 2640 Inde
359 2598 407 2640 fit
438 2600 670 2641 coniunctio
710 2577 877 2639 :iliarum
919 2612 1075 2647 rerum,
1118 2613 1221 2654 quae
1253 2597 1429 2639 naturali
1461 2599 1619 2655 impetu

231 2675 283 2718 ad
310 2675 560 2736 gignendum
609 2675 819 2727 feruntur,
861 2680 908 2717 ut
940 2674 1052 2718 aliud
1092 2674 1192 2733 quid
1223 2674 1299 2717 sibi
1332 2675 1463 2719 simile
1496 2676 1619 2719 relin-

232 2762 379 2814 quant3
414 2756 583 2802 aliarum
603 2755 751 2803 deinde
771 2770 922 2807 earum,
954 2769 1059 2817 quae
1092 2754 1143 2799 ad
1172 2755 1429 2815 regnandum
1462 2770 1619 2800 earum-
