1799 3104
1541 311 1608 362 69

224 472 361 502 carum
404 461 611 515 comparat
655 469 806 513 easqne
845 458 1031 498 maximis
1061 457 1183 498 animi
1212 455 1608 513 perturbationibus,

225 538 422 592 cuiusque
462 536 624 593 generis
662 535 796 585 vitiis,
839 536 948 576 omni
990 534 1260 575 humanarum
1291 549 1426 577 rerum
1458 537 1609 593 imper-

220 613 397 656 fectione
425 613 614 671 impletas
648 627 738 654 esse
770 612 973 663 ostendit,
1007 613 1202 669 imagines
1238 616 1278 653 et
1313 611 1608 668 descriptiones

222 690 409 742 exhibet,
457 704 591 748 neque
619 704 716 732 vero
745 692 787 732 in
819 690 978 733 illarum
1010 695 1196 732 naturam
1237 694 1277 732 et
1306 691 1517 732 notionem
1547 691 1609 732 in-

220 771 358 827 quirit.
440 769 523 810 Iam
573 783 671 811 vero
720 784 809 811 cum
854 769 1077 827 perfectam
1125 769 1315 826 politicae
1364 774 1404 810 et
1452 769 1610 811 ethicae

220 846 481 889 Identitatem
512 852 708 904 poneret,
738 846 915 905 ideoque
955 849 1189 889 universam
1227 846 1476 904 reipublic-ae
1509 848 1609 889 ima-

223 928 359 983 ginem
392 924 444 967 ad
471 928 826 983 *comparationem
855 929 978 969 unius
1011 927 1188 968 hominis
1229 933 1512 982 expromeret,
1556 928 1613 966 sic

225 1005 345 1046 etiam
380 1004 423 1046 in
452 1004 502 1046 iis
535 1001 654 1055 fecit,
688 1019 793 1062 quae
825 1004 875 1047 de
910 1006 1118 1047 civitatum
1149 1003 1369 1063 generibus
1403 1002 1611 1046 disseruit.

224 1083 376 1125 Contra
409 1082 563 1139 ubique
593 1083 778 1124 locorum
816 1083 1142 1125 animadvertere
1187 1083 1304 1132 licet,
1338 1088 1492 1139 quanto
1528 1084 1612 1123 sin-

223 1160 410 1219 gularum
451 1175 588 1203 rerum
628 1162 794 1219 penitus
826 1160 1206 1219 perspiciendarum
1248 1166 1369 1218 atque
1403 1161 1613 1219 explican-

225 1239 366 1281 darum
398 1239 602 1281 desiderio
636 1242 678 1281 in
707 1239 1014 1297 perscrutandis
1045 1241 1117 1289 iis,
1153 1252 1257 1295 quae
1288 1253 1363 1295 per
1395 1240 1618 1295 antiquitaa

224 1322 305 1359 tem
339 1316 555 1376 vigebant,
598 1317 775 1375 politicis
817 1316 1045 1360 rationibus
1086 1316 1335 1359 Aristoteles
1368 1316 1614 1375 flagraverit.

224 1394 338 1444 Quae
368 1410 458 1438 cum
490 1398 546 1438 ita
580 1398 684 1447 sint,
715 1396 979 1439 vehementer-
1010 1402 1147 1437 errant.
1179 1410 1319 1437 omnes
1352 1397 1613 1453 interpretes,

224 1476 294 1532 qui
327 1474 635 1533 disquisitiones
678 1476 866 1534 politicas
908 1475 1141 1518 Aristotelis
1173 1475 1398 1534 ¹utilitatem
1438 1480 1479 1517 et
1514 1490 1614 1533 pro-

223 1554 333 1595 xime
366 1555 444 1596 sita
475 1559 660 1611 spectare
692 1555 927 1596 existiment
952 1553 1027 1610 (1).

344 1630 560 1674 Profectus
595 1633 701 1674 enim
735 1637 797 1675 est
814 1631 863 1675 ab
893 1632 963 1674 illo
995 1637 1250 1690 argumento,
1282 1646 1613 1690 unamquamque

206 1724 310 1752 *rem
349 1709 503 1752 bonum
545 1710 731 1767 aliquod,
780 1712 806 1752 i.
834 1725 856 1751 e
886 1709 1010 1752 finem
1050 1712 1258 1752 continere
1283 1709 1371 1768 (2),
1406 1717 1530 1768 atque
1558 1713 1616 1753 ita

226 1789 348 1832 etiam
390 1787 561 1831 diversis
600 1787 742 1832 formis
785 1788 1034 1847 reipublicae
1081 1804 1196 1831 suam
1233 1790 1381 1847 cuique
1422 1791 1616 1832 virtutem

226 1869 360 1909 inesse
402 1872 594 1925 oportere
628 1870 808 1919 censuit,
846 1883 968 1925 quam
1014 1870 1048 1910 si
1096 1867 1281 1925 undique
1321 1868 1546 1910 illustraret
1579 1874 1619 1910 et

227 1960 318 1988 cum
359 1947 505 1989 ceteris
546 1961 678 2004 aequa
717 1948 876 1989 ratione
909 1948 1197 2005 coniungeret,
1239 1946 1402 1989 tandem
1442 1946 1617 1989 mediam

227 2025 403 2083 aliquam
446 2027 620 2067 civitatis
653 2024 825 2068 formam
866 2028 1073 2068 invenisse
1114 2026 1190 2068 sibi
1236 2027 1349 2067 visus
1391 2031 1472 2076 est,
1514 2040 1618 2083 quae

229 2118 281 2145 ex
298 2105 494 2146 interiore
514 2118 727 2146 causarum
761 2119 950 2147 connexu
982 2105 1207 2161 composita
1239 2110 1359 2146 esset.
1426 2103 1495 2147 Sic
1528 2105 1619 2161 qui-

229 2181 321 2244 dem
354 2184 651 2241 eamoptimae
682 2184 855 2226 civitatis
887 2182 1033 2234 ideam,
1066 2197 1171 2240 quae
1202 2198 1284 2225 non
1316 2182 1439 2225 modo
1469 2183 1617 2224 mentis

227 2261 469 2313 rationibus,
503 2260 577 2303 sed
608 2275 712 2318 quae
745 2262 1003 2319 ingeniorum
1029 2275 1194 2318 quoque
1227 2260 1473 2311 conditioni,
1518 2274 1617 2318 qua-

227 2338 277 2382 lis
309 2345 397 2383 tum
429 2340 625 2398 temporis
651 2344 750 2390 erat,
785 2354 830 2381 ac
861 2339 1152 2397 plerorumque
1175 2344 1346 2382 naturae
1377 2344 1489 2382 esset
1522 2354 1619 2381 con·-

230 2425 438 2475 sentanea,
473 2418 668 2461 exhibere
700 2423 869 2461 conatus
903 2424 977 2462 est.

350 2499 441 2558 Age
482 2500 537 2541 sis
581 2512 846 2556 quaeramus,
887 2496 1094 2556 quomodo
1137 2503 1313 2556 uterque
1345 2497 1619 2556 philosophus

330 2644 387 2692 (1)
415 2649 461 2679 cs.
486 2648 601 2678 Riuer
626 2645 841 2677 Geschichle
868 2645 929 2676 der
955 2642 1200 2686 Philosophie,
1228 2650 1252 2678 t.
1280 2644 1348 2684 lll.,
1375 2655 1408 2685 p,
1435 2642 1519 2679 367,
1552 2644 1618 2675 Fa-

233 2707 304 2738 cile
332 2709 404 2739 tale
430 2712 675 2748 argumentum
704 2712 777 2737 tum
803 2716 841 2737 re
867 2707 954 2746 ipsa,
982 2710 1056 2737 tum
1084 2706 1158 2746 ipsa
1188 2705 1392 2746 philosophi
1405 2706 1516 2737 nostri
1543 2715 1620 2736 sen·

233 2768 342 2798 tentia
369 2769 547 2800 refutatur
572 2765 648 2810 (Ar.
676 2767 746 2808 pol.
775 2766 845 2807 m,
871 2764 905 2807 4,
931 2763 984 2808 5).

330 2823 393 2871 (2)
414 2827 496 2864 1⁴:111.
522 2827 600 2864 Nic.
627 2826 677 2862 in.
