1799 3104
1474 265 1543 321 41

278 413 523 456 Aristoteles
564 413 730 456 omnino
767 412 810 453 in
842 409 956 453 libris
989 412 1058 467 qui
1089 418 1184 453 sunt
1215 412 1265 454 de
1295 411 1470 469 politicis
1503 414 1544 453 in

160 509 208 535 eo
241 496 448 543 versatur,
491 498 537 535 ut
577 504 699 548 quam
736 490 935 531 rationem
961 488 1212 531 Graecorum
1253 489 1410 531 indoles
1451 504 1540 531 cum

159 571 366 614 communi
403 572 566 629 generis
601 568 769 610 humani
803 573 949 610 natura
982 568 1160 617 iniisset,
1197 566 1413 624 explorare
1447 582 1542 609 con-

159 648 366 701 tenderet3
408 651 464 691 ita
504 653 552 689 ut
589 661 672 688 non
706 648 940 689 interiorem
981 648 1061 687 vim
1111 648 1232 687 animi
1267 661 1429 696 eorum,
1474 646 1548 688 sed

157 731 356 772 rationem
388 726 511 768 vellet
542 724 758 777 exhibere,
803 741 883 784 qua
924 728 1071 768 mentis
1105 727 1354 768 conscientia
1385 727 1428 768 in
1458 726 1542 768 sin-

154 808 260 866 gulis
288 806 412 848 rebus
444 806 570 862 gestis
589 806 790 863 egissent,
824 811 1048 862 quatenus,
1082 819 1185 862 quae
1219 819 1365 846 causae
1400 811 1539 847 essent

154 886 458 929 institutionum
500 883 772 941 reipublicae,
821 886 1028 942 cognitum
1083 882 1337 926 habuissent.
1401 884 1543 940 Itaque

154 967 198 1009 in
235 961 487 1021 singularum
521 963 729 1006 civitatum
758 967 946 1006 naturam
981 964 1171 1021 inquirit,
1208 977 1371 1005 causam
1401 963 1542 1021 singu-

154 1045 281 1086 larum
315 1043 493 1099 partium
525 1047 810 1099 perscrutatur
842 1056 1061 1099 earumque
1096 1056 1328 1084 connexum
1362 1041 1545 1083 ostendit

156 1127 278 1179 atque
306 1119 505 1178 exemplis
541 1134 594 1162 ex
618 1120 807 1163 omnibus
843 1126 883 1162 et
913 1119 1091 1163 Graecae
1125 1125 1166 1161 et
1187 1124 1412 1162 ceterarum
1442 1134 1543 1178 gen-

153 1201 256 1242 tium
292 1198 489 1241 historiae
519 1198 706 1256 partibus
738 1199 963 1257 depromtis
996 1199 1203 1257 explicare
1237 1198 1387 1241 studet.
1453 1197 1544 1248 Qua

153 1293 197 1321 re
228 1277 273 1320 id
305 1276 451 1329 effecit,
485 1283 533 1320 ut
564 1279 710 1320 seriem
745 1278 947 1335 quandam
982 1278 1236 1338 singularum
1269 1292 1429 1329 rerum,
1472 1293 1545 1335 sy-

154 1363 294 1408 stema,
327 1362 375 1399 ut
408 1358 464 1399 ita
488 1356 633 1407 dieam,
668 1358 973 1400 institutionum
1007 1359 1193 1408 civitatis,
1227 1363 1353 1414 prout
1378 1357 1455 1398 alia
1490 1372 1541 1397 ex

155 1436 232 1478 alia
262 1440 357 1478 nata
389 1440 488 1486 erat,
524 1434 751 1487 exhiberet,
786 1441 826 1477 et
859 1437 929 1487 eis,
962 1437 1032 1494 qui
1062 1441 1159 1494 post
1187 1437 1322 1494 ipsum
1351 1436 1416 1477 vel
1448 1434 1539 1493 phi-

153 1514 318 1574 losophi
348 1514 413 1557 vel
443 1513 601 1572 politici
632 1514 698 1556 vel
735 1514 920 1557 historici
950 1514 1015 1557 vel
1049 1514 1152 1557 alius
1187 1516 1384 1572 cuiusque
1414 1529 1539 1572 gene-

153 1595 209 1636 ris
239 1593 425 1635 homines
455 1591 606 1634 literati
649 1598 689 1634 et
720 1606 930 1635 causarum
972 1591 1234 1651 indagatores
1276 1594 1537 1643 exsisterent,

154 1676 248 1715 ante
280 1670 421 1714 oculos
456 1676 566 1713 esset
597 1670 769 1714 historia
798 1673 1067 1730 pragmatica,
1099 1687 1153 1714 ne
1186 1672 1285 1730 quid
1313 1672 1444 1715 dicam
1474 1674 1538 1715 ni-

153 1752 294 1802 mium,
329 1750 593 1809 philosophia
611 1750 808 1793 historiae
825 1749 1027 1803 Graecae3
1062 1750 1239 1809 denique
1268 1757 1317 1794 ut
1343 1751 1544 1794 haberent

154 1831 370 1888 imaginem
401 1844 539 1872 rerum
571 1828 836 1880 Graecarum,
870 1835 1071 1887 quatenus
1103 1831 1322 1873 universae
1354 1831 1542 1874 humani-

154 1910 248 1951 tatis
281 1907 530 1951 excolendae
560 1923 655 1967 pars
686 1914 824 1951 essent
851 1909 973 1966 plane
1005 1911 1248 1952 necessaria.

274 1985 543 2045 Reipublicae
575 2001 673 2030 vero
707 1986 1000 2030 describendae
1029 1994 1112 2031 tres
1147 1987 1246 2031 dicit
1277 2002 1367 2031 esse
1415 1991 1540 2030 ratio-

154 2080 249 2118 nes,
294 2071 343 2110 ut
381 2066 528 2125 aliquis
568 2066 632 2109 vel
674 2068 868 2125 optimam
903 2072 944 2110 et
981 2082 1178 2110 summam
1229 2069 1434 2110 civitatem
1468 2083 1541 2111 ex-

152 2143 305 2196 hibeat,
340 2160 446 2203 quae,
474 2160 655 2204 unquam
677 2151 815 2189 mente
839 2148 1063 2205 excogitari
1093 2148 1247 2205 possit3
1267 2147 1333 2188 vel
1353 2152 1399 2189 ut
1419 2142 1541 2204 quarn

155 2225 347 2280 optimam
379 2225 671 2282 rempublicam
704 2225 920 2275 describat,
953 2240 1089 2267 rerum
1124 2231 1165 2267 et
1186 2231 1416 2282 temporum
1442 2240 1538 2267 con-

155 2300 320 2345 ditionis
353 2304 511 2346 ratione
536 2301 694 2354 habita3
729 2302 793 2344 vel
826 2317 913 2344 eam
932 2318 1035 2360 quae
1071 2310 1180 2345 certa
1213 2302 1386 2361 quadam
1421 2306 1538 2347 insti-

154 2383 314 2425 tutione
337 2382 431 2426 data
462 2384 614 2441 optima
634 2384 686 2424 sit
703 2380 779 2439 (1),
841 2382 925 2425 Iam
956 2381 1032 2423 hac
1062 2384 1104 2424 in
1143 2382 1345 2425 divisione
1374 2384 1538 2427 Aristo-

153 2459 245 2503 telis
278 2461 515 2513 consilium,
561 2459 672 2519 quod
698 2461 740 2503 in
772 2461 925 2519 optima
955 2461 1168 2519 republica
1200 2461 1414 2505 condenda
1445 2479 1537 2521 spc—

156 2538 346 2582 ctandum
379 2555 469 2583 esse
498 2542 566 2591 ait,
597 2555 620 2582 a
653 2540 835 2582 Platonis
854 2542 1070 2597 proposito
1094 2540 1305 2583 discedere
1337 2542 1536 2583 videmus.

153 2613 270 2658 Plato
319 2620 427 2661 enirn
460 2618 642 2678 postulat
673 2618 897 2680 absolutam
930 2617 1158 2661 Unitatem.
1200 2634 1280 2676 qua
1320 2619 1538 2678 singularis

158 2728 194 2735 α-
199 2729 441 2740 -κ--“

251 2783 305 2829 (l)
331 2790 388 2828 Ar,
416 2792 489 2833 pol.
516 2791 574 2831 IV,
602 2792 635 2835 1,
661 2790 695 2830 ⁶2,
732 2791 774 2829 cf,
803 2790 891 2825 Plal.
920 2792 962 2824 «le
990 2793 1081 2835 legg.
1110 2793 1162 2834 V„
1189 2804 1221 2835 p,
1251 2791 1319 2826 ’139
1347 2793 1465 2828 B-E.
