1799 3104
197 222 269 274 58

201 379 280 424 que
320 378 425 424 quae
475 364 528 407 ad
565 363 788 409 obiendum
839 362 971 409 factae
1021 365 1114 410 sint.
1196 362 1355 416 Quibus
1404 365 1593 411 omnibus

197 446 426 486 arctissimo
468 445 633 487 vinculo
677 447 786 486 inter
824 459 868 486 se
902 446 1131 503 coniunctis
1172 443 1348 487 efficitur
1379 451 1427 488 ut
1459 450 1595 488 exstet

197 524 327 566 totius
369 527 544 567 naturae
594 522 825 567 concordia.
898 522 1012 567 ldem
1050 525 1094 566 in
1141 522 1329 565 homines
1362 523 1484 576 cadit,
1524 526 1595 583 qui

200 617 292 644 cum
336 602 488 659 singuli
523 600 687 643 efficere
713 602 815 644 nihil
847 604 1022 659 possint,
1056 603 1281 660 requiritur
1309 601 1492 660 plurium
1527 617 1594 646 so-

199 683 336 723 cietas.
410 679 593 722 Primum
632 681 759 737 igitur
801 681 985 723 nascitur
1017 679 1189 724 domus.
1217 696 1292 724 seu
1331 678 1503 732 familia,
1552 683 1596 725 in

198 774 279 816 qua
294 758 450 816 triplex
468 760 573 799 ratio
608 760 837 799 invenitur:
870 760 993 799 maris
1026 764 1067 800 et
1096 758 1286 809 feminae,
1319 759 1446 817 patris
1476 763 1516 801 et
1546 758 1595 801 li-

197 838 414 889 berorum,
449 836 604 880 domini
638 842 678 879 et
711 838 819 879 servi
853 838 1100 880 coniunctio.
1165 836 1284 880 Unde
1316 844 1398 880 tres
1431 837 1597 880 vivendi

198 919 382 960 rationes
431 915 684 958 efficiunter:
733 914 876 972 γαμική
927 917 952 958 ἰ.
985 931 1019 966 e,
1061 913 1259 971 πολιτική,
1297 913 1597 975 ξ’,τεκνοποιητικύ

197 998 223 1039 i.
260 1011 294 1039 e.
328 992 527 1052 βασιλική,
563 994 741 1053 denique
766 993 1076 1052 ὃεσποτικήῌ).
1141 994 1316 1038 Condita
1342 1010 1387 1039 re
1411 994 1598 1038 familiari

198 1074 317 1117 facile
353 1074 616 1131 intelligitur,
650 1074 891 1132 ampliorem
925 1073 1179 1116 condendam
1224 1089 1313 1117 esse
1347 1076 1595 1117 societatem.

198 1153 318 1198 Unde
350 1152 417 1203 fit,
454 1158 503 1195 ut
544 1154 694 1195 iunctis
740 1152 929 1210 pluribus
956 1151 1119 1194 familiis
1151 1167 1297 1210 pagus,
1327 1155 1443 1211 pagis
1491 1154 1599 1195 inter

199 1247 291 1275 sese
315 1233 466 1274 iunctis
490 1231 724 1289 respublica
755 1232 907 1273 sensim
933 1245 979 1272 ac
1010 1229 1266 1288 pedetentim
1298 1230 1499 1274 condatur
1516 1230 1596 1288 (2).

200 1314 318 1367 Quae
351 1310 402 1353 de
434 1310 510 1353 hac
539 1325 584 1353 re
616 1309 864 1353 Aristoteles
898 1309 1160 1361 disseruerit,
1203 1311 1338 1352 omnia
1380 1316 1478 1353 sunt
1511 1325 1597 1354 ma-

200 1390 537 1440 ximimomenti3
573 1388 647 1431 sed
667 1404 750 1432 non
782 1391 919 1431 omnia
952 1390 1134 1431 omnium
1166 1388 1351 1432 tulerunt
1386 1389 1596 1433 calculum.

199 1467 293 1520 Quo
335 1469 536 1526 imprimis
576 1482 623 1510 ea
659 1469 890 1527 pertinent,
931 1482 1036 1525 quae
1079 1467 1129 1511 de
1180 1467 1354 1511 dominis
1384 1474 1526 1511 noster
1558 1474 1599 1511 et

200 1548 329 1589 servis
364 1545 611 1604 disputavit,
654 1560 759 1603 quae
789 1560 855 1587 res
888 1551 935 1588 ut
970 1547 1210 1604 saepissime
1241 1547 1391 1604 agitata
1425 1552 1508 1598 est,
1541 1548 1598 1590 ita

197 1640 346 1668 novam
380 1638 544 1683 semper
575 1623 814 1682 disputandi
847 1625 1005 1683 copiam
1037 1624 1219 1682 praebet.

320 1703 425 1747 Nam
470 1718 562 1745 cum
596 1703 811 1745 hominum
850 1701 1023 1745 felicitas
1070 1705 1111 1745 in
1152 1703 1311 1762 agendo
1350 1706 1486 1762 posita
1530 1706 1595 1757 sit,

200 1797 337 1841 neque
370 1797 469 1826 vero
511 1797 653 1824 omnes
690 1783 779 1840 pari
819 1781 941 1825 modo
974 1787 1112 1825 mente
1153 1786 1193 1825 et
1223 1784 1376 1826 virtute
1408 1785 1598 1828 instructi

199 1865 295 1915 sint,
329 1863 398 1905 alii
432 1863 633 1906 exsistant
662 1876 832 1905 necesse
857 1868 932 1913 est,
968 1864 1039 1920 qui
1058 1867 1195 1905 mente
1229 1864 1424 1910 creatrice
1461 1869 1596 1922 agant,

198 1942 266 1985 alii
307 1944 378 2000 qui
424 1956 473 1984 ea
523 1955 627 1999 quae
672 1940 731 1982 illi
775 1942 1087 1999 excogitarunt,
1135 1947 1416 1999 exsequantur
1463 1943 1597 2001 iisque

200 2036 322 2080 opem
351 2020 499 2063 ferant.
564 2019 774 2062 Habemus
799 2021 926 2077 igitur
956 2019 1169 2061 hominum
1201 2024 1389 2062 naturam
1419 2022 1463 2063 in
1495 2020 1597 2065 duas

198 2106 338 2159 partes
373 2098 558 2149 divisam,
595 2103 766 2140 naturae
802 2097 991 2140 dominae
1025 2105 1065 2140 et
1096 2113 1252 2141 servae.
1315 2098 1595 2152 Aristotelem,

198 2184 246 2222 ut
274 2180 354 2222 iam
386 2178 505 2221 Plato
538 2176 650 2229 fecit,
686 2182 826 2235 aperte
861 2176 1047 2235 profiteri
1076 2177 1276 2230 videmus,
1309 2177 1597 2225 dissimillimas

202 2271 293 2299 esse
325 2258 367 2298 in
397 2256 569 2315 singulis
593 2255 830 2298 hominibus
861 2254 1077 2299 facultates
1111 2257 1258 2308 animi3
1289 2271 1461 2300 munera
1484 2272 1596 2309 vero,

203 2335 353 2394 quibus
385 2335 573 2379 homines
609 2334 855 2396 fungantur,
899 2351 984 2379 non
1024 2351 1187 2396 semper
1233 2340 1345 2379 recte
1378 2335 1596 2380 distributa

201 2429 294 2458 esse
332 2419 509 2472 uterque
552 2415 671 2467 dicit,
717 2430 809 2458 cum
846 2430 1142 2475 saepenumero
1184 2417 1405 2474 imperent,
1447 2416 1596 2475 quibus

205 2493 313 2537 desit
351 2493 582 2552 imperandi
621 2495 813 2545 facultas,
852 2495 970 2537 multi
1011 2501 1153 2539 contra
1194 2495 1393 2546 serviant,
1437 2497 1507 2554 qui
1544 2495 1596 2538 ad

298 2678 355 2723 (1)
381 2684 439 2714 At.
465 2683 538 2724 pol.
566 2683 606 2724 1.,
631 2682 666 2717 2.
694 2683 715 2715 1
742 2688 776 2715 et
801 2682 835 2715 2.

302 2738 358 2793 (⁰2)
385 2741 437 2777 lb.
461 2741 502 2783 1,,
530 2742 564 2783 l,
589 2741 697 2782 6-8,
