1799 3104
1514 233 1584 284 3⁷

201 379 325 434 nique
356 374 578 433 perfectam
618 377 799 419 omnium
831 377 1027 418 virtutum
1060 380 1100 416 et
1128 376 1249 417 animi
1280 376 1459 432 partium
1496 375 1590 419 har-

200 455 377 498 moniam
418 456 612 514 exprimit
650 454 740 512 (das
781 453 1056 513 vollstandige
1098 453 1145 496 In
1203 478 1249 483 —-
1298 454 1495 497 einander
1535 480 1589 487 —

201 533 358 577 wir-ken
378 533 451 577 der
481 534 692 577 Elemente
723 532 794 575 des
828 532 964 576 Staats
997 532 1084 576 und
1118 532 1192 575 der
1218 531 1502 576 Seelenkr’afte
1535 536 1589 576 im

201 611 414 655 einzelnen
443 610 701 668 Menschen).

320 691 429 733 Tota
460 691 586 747 igitur
618 694 658 731 et
690 689 880 732 ordinum
913 697 954 732 et
985 693 1205 742 virtutum,
1240 706 1345 748 quae
1378 692 1457 733 illis
1489 706 1587 748 pro-

196 771 311 827 priae
339 772 448 819 sunt,
483 765 704 826 descriptio
739 783 791 811 ex
823 769 913 826 ipsa
937 769 1059 810 animi
1072 774 1219 811 natnra
1249 769 1398 812 hausta
1429 774 1491 812 est
1523 771 1587 812 in-

199 862 278 904 que
313 862 360 888 ea
377 848 534 888 nititur.
598 847 657 888 Ea
673 862 771 889 vero
804 849 861 888 ita
893 852 1125 904 comparata
1157 853 1232 898 est,
1267 854 1314 889 ut
1345 847 1588 891 divisionem

198 927 238 968 in
268 931 350 969 tres
367 930 507 984 partes
528 924 726 969 admittat.
751 924 927 984 ‚Nempe
958 924 1003 968 τὸ
1024 923 1236 983 λογιςτικόν
1251 929 1342 985 ipsa
1362 942 1490 979 mens,
1526 935 1589 970 est

196 1003 298 1046 illud
330 1019 411 1062 quo
443 1019 663 1062 possumus
702 1018 840 1047 rerum
878 1005 1081 1047 internam
1121 1007 1200 1047 vim
1241 1011 1281 1048 et
1320 1008 1431 1064 ipsas
1473 1004 1587 1048 ideas

196 1084 452 1141 perspicere,
501 1098 547 1125 ea
589 1084 711 1125 animi
752 1097 869 1140 pars,
914 1097 1018 1140 quae
1069 1098 1091 1124 a
1129 1083 1253 1126 rebus
1295 1085 1400 1126 circa
1438 1099 1586 1127 sensus

196 1160 454 1204 versantibus
487 1176 562 1204 nos
604 1160 782 1204 detrahit
822 1166 862 1203 et
903 1162 1025 1204 vitam
1067 1161 1186 1204 nobis
1225 1162 1467 1220 praescribit
1507 1162 1586 1205 Dei

197 1240 389 1292 similem;
418 1240 463 1282 τὸ
517 1237 689 1295 θυμικόν
730 1241 816 1282 sive
855 1237 900 1282 τὸ
940 1237 1154 1295 θυμοειδές
1201 1240 1259 1282 illi
1302 1246 1422 1299 paret
1470 1242 1589 1299 eique

197 1318 440 1369 auxiliatur,
483 1320 677 1377 exprimit
711 1320 877 1361 omnino
911 1333 998 1360 eam
1042 1320 1165 1361 animi
1206 1318 1463 1369 facultatem,
1508 1334 1589 1376 qua

194 1397 460 1455 impellimur,
498 1402 545 1439 ut
575 1397 687 1455 leges
727 1397 905 1447 divinas,
948 1412 1048 1455 quas
1091 1412 1206 1440 mens
1250 1403 1290 1440 et
1327 1399 1431 1440 ratio
1464 1412 1585 1456 prae-

195 1475 390 1526 scribunt,
418 1475 576 1534 agendo
612 1490 896 1526 exerceamus,
931 1477 1055 1518 animi
1086 1481 1255 1519 motum.
1322 1475 1510 1534 Denique
1540 1476 1584 1518 τὸ

194 1553 479 1610 ἐπιθυμητικόν
515 1556 645 1613 ipsam
684 1554 949 1612 cupiditatem
990 1569 1064 1597 seu
1116 1570 1204 1597 eam
1256 1556 1379 1597 animi
1425 1560 1585 1613 partem

195 1633 393 1692 designat,
426 1648 530 1691 quae
562 1648 647 1675 non
677 1634 757 1675 nisi
787 1648 854 1675 res
883 1632 958 1675 sub
998 1648 1143 1676 sensus
1178 1633 1393 1684 cadentes,
1428 1639 1584 1676 ceteras

196 1720 351 1763 autem,
396 1727 500 1769 quae
541 1716 678 1754 mente
722 1712 1053 1769 perspiciuntur,
1104 1726 1188 1753 non
1237 1712 1317 1753 nisi
1364 1710 1585 1754 divinando

194 1791 407 1848 percipere
438 1794 589 1847 potest.
653 1788 795 1847 Itaque
836 1790 986 1831 rationi
1018 1795 1058 1831 et
1090 1794 1144 1842 τῷ
1185 1792 1399 1844 θυμοειδεῖ
1434 1788 1587 1840 obedit,

195 1874 340 1911 natura
383 1869 509 1911 servit
544 1867 616 1919 IV,
642 1884 682 1926 p.
711 1865 802 1911 434
833 1867 867 1910 Β
900 1873 941 1910 et
975 1867 1017 1911 C.
1053 1866 1137 1911 441
1174 1867 1220 1910 E.
1284 1866 1395 1918 Quas
1443 1870 1584 1927 singu-

194 1946 252 1989 las
296 1951 434 2005 partes
477 1962 560 1990 non
599 1946 720 1989 modo
771 1961 890 1989 suum
934 1961 1136 2004 quamque
1185 1962 1305 2005 agere
1351 1947 1462 1998 vult,
1511 1948 1586 1990 sed

195 2039 336 2068 omnes
377 2041 540 2083 quoque
581 2030 856 2068 consentaneo
903 2025 1025 2068 modo
1063 2041 1154 2068 esse
1197 2027 1449 2069 coniunctas.
1521 2026 1583 2068 En

194 2102 322 2154 vides,
357 2103 619 2162 inseparabili
648 2103 772 2146 modo
804 2103 905 2145 haec
938 2104 1085 2153 omnia,
1121 2102 1299 2154 ordines,
1334 2105 1508 2146 virtutes
1544 2111 1586 2145 et

195 2183 317 2223 animi
347 2182 561 2224 facultates
593 2183 701 2223 inter
733 2196 777 2223 se
822 2183 1060 2223 coniunctas
1101 2196 1203 2223 esse.
1267 2179 1425 2223 Natura
1457 2183 1584 2239 igitur

194 2259 445 2317 reipublicae
474 2260 709 2303 Platonicae
748 2259 917 2316 ponitur
954 2259 997 2300 in
1029 2261 1200 2313 ἐνεργείᾳ
1242 2259 1366 2301 animi
1411 2257 1584 2302 faculta-

195 2342 294 2389 tum,
329 2339 469 2396 quales
502 2337 614 2397 apud
646 2336 829 2395 singulos
852 2335 1039 2379 homines
1074 2342 1114 2378 et
1145 2338 1188 2379 in
1212 2338 1407 2381 universa
1439 2344 1585 2382 natura

197 2422 397 2473 apparent
415 2415 491 2474 (1),
522 2418 565 2460 in
597 2418 687 2475 ipsa
718 2416 880 2458 civitate
898 2413 1094 2458 exhibita.

313 2493 409 2538 Non
438 2509 537 2538 vero
567 2509 672 2554 opus
705 2498 766 2536 est
807 2491 942 2535 verbis
985 2493 1126 2537 multis
1160 2500 1208 2537 ut
1240 2494 1483 2553 probemus,
1519 2496 1582 2537 iu·

197 2573 348 2617 stitiam
377 2589 575 2618 summam
613 2572 776 2633 quidem
810 2585 899 2614 esse
939 2572 1132 2615 virtutem
1173 2574 1215 2616 in
1252 2572 1464 2631 republica
1491 2572 1586 2616 Pla-

290 2741 346 2787 (1)
373 2745 417 2782 cf.
445 2746 536 2781 rim.
563 2757 597 2789 υ.
626 2745 684 2780 92,
712 2746 817 2787 Gorg.
846 2754 878 2789 p.
899 2743 984 2783 50⁷.
1009 2743 1095 2779 508.
