1799 3104
260 220 333 273 ⁷4

262 365 402 414 nectit,
438 365 688 423 coniungere
719 364 861 414 liceat,
902 365 944 406 in
978 364 1028 406 iis
1059 377 1164 421 quae
1197 362 1247 406 de
1279 363 1506 407 Aristotele
1535 363 1655 407 nobis

264 441 439 484 dicenda
469 448 605 494 erunt,
635 448 858 501 utrumque
900 444 1084 501 separari
1124 446 1301 500 oportet.
1365 443 1549 486 Primum
1580 443 1657 501 igi-

262 526 331 563 tur
363 520 415 563 de
447 523 654 565 universis
688 520 945 580 quibusdam,
980 523 1021 564 in
1054 536 1154 580 quas
1184 520 1317 564 fusius
1350 523 1533 579 inquirit,
1564 536 1658 564 sen-

264 601 405 643 tentiis
454 601 633 658 politicis
674 600 879 652 dicamus,
932 603 1028 659 quia
1078 603 1167 659 ipsa
1217 602 1391 643 civitatis
1435 599 1659 644 formarum

263 680 474 736 expositio
504 681 547 721 in
577 681 627 721 iis
653 681 821 730 nititur3
866 679 1016 722 deinde
1056 695 1153 723 vero
1195 695 1299 739 quae
1340 681 1441 731 sint,
1481 679 1661 723 breviter

265 772 517 801 moneamus.
584 758 735 800 Totam
769 760 877 801 enim
906 759 1121 801 historiam
1155 758 1405 802 Graecorum
1447 773 1531 800 una
1560 760 1660 800 ima-

264 837 359 894 gine
402 836 703 894 complectendi
744 835 965 879 difficultas
1008 839 1050 879 in
1095 837 1316 879 multarum
1361 836 1588 879 factionum
1621 842 1661 878 et

263 914 497 965 turbarum,
540 930 643 972 quae
687 915 783 958 inde
817 921 931 958 ortae
969 921 1085 967 sunt,
1128 915 1249 958 turba
1294 914 1556 959 dissolvenda
1599 920 1662 957 est

263 995 422 1051 posita3
464 1008 690 1051 omnesque
731 993 840 1044 fere,
888 996 1066 1036 maxime
1106 1009 1271 1053 pugnae
1312 994 1450 1037 civiles
1490 999 1662 1053 propter

264 1077 507 1130 perpetuam
541 1088 684 1115 eorum
716 1074 786 1130 qui
826 1089 849 1115 a
877 1073 1065 1132 partibus
1086 1073 1358 1117 democratiae
1390 1074 1455 1116 vel
1487 1074 1660 1131 optima-

266 1156 351 1193 tum
387 1151 552 1194 stabant
587 1151 834 1194 discordiam
875 1157 995 1194 natae
1038 1157 1146 1195 sunt.
1222 1153 1268 1194 In
1309 1152 1385 1195 hac
1419 1150 1661 1194 difficultate

266 1229 449 1273 eruenda
494 1235 601 1281 tota,
650 1245 769 1288 quam
812 1233 854 1272 in
892 1230 997 1272 libro
1031 1232 1153 1272 tertio
1195 1230 1391 1288 legimus,
1423 1229 1661 1274 Aristotelis

265 1308 491 1366 disputatio
523 1309 711 1360 vertitur,
745 1323 875 1367 eoque
909 1310 1186 1367 quaestiones,
1214 1323 1314 1368 quas
1343 1309 1487 1361 iniicit,
1520 1323 1662 1352 omnes

263 1387 452 1431 tendunt.
518 1386 621 1430 Nam
664 1390 846 1445 quaerit,
891 1403 989 1430 num
1022 1394 1229 1446 praestet,
1270 1403 1400 1430 unum
1442 1403 1493 1431 an
1520 1389 1662 1446 plures

267 1482 466 1510 summam
499 1471 748 1525 potestatem
791 1472 932 1510 tenere
946 1465 1030 1525 (1),
1067 1466 1217 1510 deinde
1250 1464 1450 1525 quaenam
1480 1482 1579 1510 vera
1610 1468 1663 1511 sit

266 1545 538 1589 democratiae
584 1556 625 1588 et
666 1546 912 1604 oligarchiae
958 1548 1094 1596 notio,
1140 1561 1230 1588 cum
1271 1547 1298 1587 ii
1338 1546 1481 1603 quiin
1515 1561 1563 1588 eo
1595 1560 1662 1588 ac-

263 1626 509 1683 quieverint,
543 1624 655 1683 quod
685 1627 727 1667 in
758 1625 981 1683 oligarchia
1012 1624 1200 1670 nonnulli
1232 1630 1414 1676 tantum,
1445 1626 1488 1667 in
1521 1624 1662 1667 demo-

265 1706 391 1747 cratia
422 1719 520 1747 vero
552 1703 774 1747 multitudo
814 1710 983 1762 regnet,
1013 1718 1159 1762 parum
1194 1703 1376 1747 dixerint
1393 1702 1469 1760 (2).
1533 1702 1662 1746 Deni-

264 1798 345 1841 que
375 1783 456 1826 huc
484 1785 695 1841 pertinent
727 1799 786 1834 ea,
821 1798 925 1841 quae
959 1783 1009 1825 de
1042 1783 1176 1825 media
1205 1785 1365 1825 ratione
1394 1785 1502 1826 inter
1531 1785 1663 1825 virtu-

263 1868 346 1905 tem
365 1861 537 1905 ethicam
557 1867 598 1905 et
614 1861 821 1920 politicam
846 1862 1149 1920 interponenda
1166 1862 1351 1919 disputat
1368 1860 1445 1918 (3).
1489 1861 1552 1902 De
1573 1863 1663 1918 qui-

263 1941 340 1984 bus
383 1940 507 1984 rebus
548 1946 595 1983 ut
643 1946 799 1983 certum
841 1940 995 1997 aliquid
1038 1944 1263 1988 statuatur,
1303 1953 1327 1979 a
1357 1940 1525 1989 iustitia,
1559 1954 1664 1997 quae

265 2025 329 2062 est
357 2033 515 2061 summa
530 2020 676 2068 virtus,
707 2016 981 2076 proficiscitur
993 2016 1068 2075 (4)
1117 2016 1336 2060 Enimvero
1370 2018 1510 2060 civitas
1530 2016 1661 2061 homi-

263 2115 362 2142 num
397 2105 460 2141 est
491 2100 664 2141 societas
706 2095 826 2153 »πρὸς
856 2096 996 2152 ἀρετῆς
1012 2101 1203 2152 ἐνέργειαν
1230 2098 1271 2138 ὲν
1285 2099 1359 2152 βίῳ
1388 2099 1559 2150 τελείῳ,«
1588 2112 1661 2139 ne-

264 2192 344 2236 que
380 2176 432 2219 ad
461 2176 589 2220 solam
625 2175 909 2219 defensionem
942 2180 982 2218 et
1015 2175 1066 2218 ad
1098 2177 1223 2219 vitam
1258 2174 1568 2218 sustentandam
1597 2176 1660 2218 in-

265 2258 408 2298 stituta
430 2255 505 2313 (5).
556 2255 643 2298 Sed
660 2256 872 2298 hominum
892 2255 1151 2312 cupiditates,
1179 2255 1398 2312 quominus
1417 2268 1574 2295 summa
1593 2253 1661 2296 illa

263 2334 396 2377 virtus
435 2339 645 2385 teneatur,
687 2333 922 2392 prohibent.
997 2333 1080 2376 Iam
1111 2349 1210 2377 vero
1245 2346 1508 2391 quaeramus,
1548 2331 1660 2375 unde

365 2496 421 2544 (1)
448 2501 507 2535 Ar.
533 2500 607 2542 pol.
634 2500 708 2541 111.,
733 2498 770 2540 5,
797 2499 821 2532 2
850 2510 924 2541 sqq.

362 2557 418 2605 (2)
443 2561 494 2596 lb.
546 2561 617 2603 lll.,
644 2559 679 2602 5,
706 2559 812 2593 6-7.
841 2560 912 2601 IV„
936 2559 973 2594 3.
1001 2559 1038 2595 6.

363 2618 420 2666 (3)
446 2622 497 2659 lb.
524 2622 596 2657 111..
624 2621 658 2654 7.

365 2679 420 2723 (4)
447 2683 506 2712 Ar.
534 2683 603 2723 pol.
632 2682 703 2722 111„
729 2680 764 2722 5,
791 2682 814 2713 9
840 2687 875 2712 et
897 2681 936 2716 Ε),

364 2736 420 2790 (5)
446 2740 499 2777 lb.
524 2741 596 2782 111.,
611 2739 647 2782 5,
673 2739 720 2773 13
746 2746 780 2772 et
806 2739 865 2782 14,
891 2740 954 2775 cll.
980 2739 1006 2776 l,
1035 2738 1069 2781 1,
1095 2737 1132 2778 ὃ.
