1799 3104
1542 253 1609 302 17

229 396 265 436 ei
299 400 360 436 est
389 395 539 437 innata.
602 395 698 437 Idea
730 409 817 436 eam
845 397 905 437 rei
939 395 1116 453 speciem
1150 393 1348 451 designat,
1386 394 1504 451 cujus
1536 409 1609 436 ex-

227 474 355 514 terior
385 475 515 532 imago
548 489 637 516 cum
671 476 831 516 interna
864 476 1031 516 notione
1050 472 1153 515 adeo
1170 472 1381 523 coalescat,
1414 479 1461 515 ut
1479 489 1607 515 unum

229 554 268 591 et
300 555 429 593 totum
470 566 631 609 semper
672 551 749 593 sibi
783 558 973 594 constans
1015 552 1192 593 animum
1234 555 1419 592 nostrum
1461 565 1607 607 perva-

228 626 297 670 dat
314 625 388 685 (1).
452 629 514 671 Ac
534 634 620 671 tum
653 644 728 671 nos
762 631 908 672 mentis
942 629 1070 672 oculis
1104 628 1279 686 aliquam
1319 643 1405 670 rem
1437 629 1607 670 intuitos

227 720 315 748 esse
348 709 639 750 existimamus.
704 708 798 750 Idea
831 722 928 750 vero
958 708 1164 758 Platonis,
1208 722 1293 749 non
1334 712 1381 748 ut
1411 706 1607 749 Essentia

224 784 512 836 Parmenidea‚
555 800 715 828 omnem
746 801 884 828 rerum
926 787 1165 828 varietatem
1197 785 1318 842 plane
1359 785 1486 837 tollit,
1530 784 1604 827 sed

221 861 265 903 τὸ
308 862 404 904 εἶναι
438 869 477 904 et
509 862 553 905 τό
602 867 809 920 γίγνεσθαι
849 866 891 905 in
922 863 1056 906 Unum
1102 865 1364 905 coniunctum
1407 865 1600 905 continet.

222 938 311 981 Hoc
344 941 468 997 igitur
497 946 571 991 est,
606 941 717 998 quod
740 941 857 984 Plato
887 940 1087 1000 significat
1118 955 1203 984 rem
1236 941 1411 999 aliquam
1430 955 1521 984 esse
1538 939 1601 998 (2)

221 1030 355 1073 neque
387 1018 435 1058 iis
467 1032 550 1059 non
580 1020 803 1069 assentior,
838 1021 907 1076 qui
936 1020 1241 1070 existimarunt,
1282 1019 1388 1062 Ideis
1416 1019 1601 1061 Platonis

220 1099 289 1137 τοῦ
318 1095 420 1137 Esse
454 1107 494 1137 et
522 1100 591 1136 τοῦ
622 1096 810 1153 Cogitare
840 1096 1098 1139 Identitatem
1139 1113 1376 1154 expressam
1421 1113 1511 1139 esse
1523 1095 1599 1153 (3).

218 1171 277 1214 At
307 1187 404 1215 vero
436 1174 656 1230 quaeritur,
682 1174 1021 1230 quemadmodum
1054 1174 1167 1216 ideas
1198 1176 1240 1215 in
1274 1175 1416 1216 animis
1449 1176 1601 1216 nostris

175 1286 184 1297 ,
218 1252 443 1307 gignamus,
478 1265 557 1308 qua
581 1252 738 1293 ratione
761 1251 976 1301 illustrata,
1009 1266 1206 1308 quaenam
1239 1251 1456 1308 singularis
1487 1253 1601 1293 notio

219 1333 259 1371 et
289 1327 448 1372 indoles
489 1328 567 1371 illis
597 1330 713 1380 insit,
757 1328 875 1373 nobis
906 1333 1166 1388 perspectum
1198 1327 1287 1372 fore
1319 1344 1454 1388 spero.
1517 1329 1600 1373 Po-

218 1406 342 1447 stulat.
372 1406 574 1455 videlicet,
605 1414 651 1447 ut
676 1408 723 1447 is.
757 1408 826 1463 qui
847 1407 946 1448 velit
976 1409 1035 1447 rei
1054 1407 1227 1462 alicujus
1260 1412 1447 1448 naturam
1471 1410 1599 1449 inter-

217 1498 308 1526 nam
352 1498 427 1526 seu
457 1483 591 1526 ideam
621 1484 743 1542 plane
774 1486 1021 1542 perspicere,
1054 1483 1265 1542 profectus
1298 1484 1348 1527 ab
1382 1487 1598 1528 exteriori—

215 1561 291 1602 bus
336 1562 423 1601 eius
465 1561 650 1617 partibus
690 1563 796 1602 inter
828 1575 918 1602 sese
961 1561 1275 1618 distinguendis,
1307 1563 1598 1619 progrediatur

215 1636 266 1679 ad
296 1636 425 1680 Unam
457 1637 629 1694 aliquam
654 1639 862 1680 notionem
895 1638 1179 1680 inveniendam
1221 1639 1408 1682 omnibus
1440 1642 1597 1698 pariter

214 1728 487 1765 communem,
523 1714 671 1756 deinde
697 1730 840 1757 rursus
871 1730 1084 1772 quaerens,
1119 1730 1222 1773 quae
1253 1716 1359 1758 forte
1392 1720 1596 1775 superiori

211 1792 270 1834 illi
299 1794 459 1834 notioni
496 1797 665 1834 externa
697 1794 815 1835 etiam
853 1793 1053 1836 elementa
1084 1793 1344 1845 adhaereant,
1380 1810 1425 1837 ea
1457 1811 1595 1853 seg-re-

211 1875 292 1927 get,
335 1869 561 1926 usquedum
604 1870 655 1911 ad
693 1885 889 1911 summam
936 1871 1109 1927 aliquam
1149 1871 1257 1914 illius
1307 1874 1366 1913 rei
1407 1875 1593 1915 notitiam

208 1948 463 2002 pervenerit,
512 1961 616 2004 quae
644 1946 734 1989 Una
780 1953 821 1989 et
851 1949 1065 1998 universa,
1100 1963 1262 2006 semper
1293 1949 1371 1991 sibi
1401 1956 1592 1993 constans

210 2028 251 2065 et
292 2029 429 2081 partes
470 2039 620 2067 omnes·
651 2025 693 2066 in
733 2039 779 2066 se
816 2025 1029 2082 complexa
1066 2031 1201 2068 mente
1235 2026 1489 2070 describatur
1514 2027 1591 2085 (4).

207 2099 308 2141 Nam
364 2116 454 2143 cum
504 2103 661 2144 animus
716 2107 857 2144 noster
902 2104 1137 2146 interiorem
1188 2104 1357 2147 alicuius
1398 2108 1456 2147 rei
1510 2108 1589 2148 vim

303 2303 357 2347 (l)
386 2305 562 2338 Phaedon.
590 2315 623 2346 Ρ.
651 2303 698 2337 78
730 2304 776 2338 D.

302 2362 356 2407 (2)
384 2365 435 2398 Cf.
464 2366 536 2399 Cic.
550 2365 652 2400 Tusc.
676 2370 809 2405 quaest.
835 2365 878 2398 L.
904 2365 930 2399 Ι.
957 2375 987 2400 ο,
1015 2364 1074 2400 24.
1102 2367 1215 2407 „nihil
1242 2368 1340 2400 enim
1353 2370 1420 2402 ille
1447 2370 1581 2417 (Plato)

205 2429 306 2465 putat
341 2434 438 2465 esse,
473 2425 568 2465 quod
601 2425 737 2456 oriatur
768 2429 802 2455 et
842 2425 1014 2464 intereat3
1049 2426 1158 2466 idque
1191 2427 1309 2459 solum
1346 2440 1442 2471 esse,
1489 2433 1583 2473 qnod

204 2494 342 2525 semper
366 2484 439 2515 tale
466 2485 522 2524 sit,
549 2485 691 2526 qualem
716 2484 833 2515 ldeam
860 2485 1016 2526 appellat
1033 2486 1109 2526 ine,
1135 2497 1198 2518 nos
1224 2489 1410 2528 speciem.“

301 2539 359 2586 (3)
386 2543 441 2575 De
467 2544 533 2576 hac
558 2555 595 2576 re
621 2545 703 2576 vide
729 2554 819 2585 quae
845 2546 983 2585 egregie
1018 2547 1201 2578 annotavit
1236 2547 1282 2580 H.
1317 2549 1443 2580 Bonitz
1470 2550 1508 2581 in
1535 2551 1580 2583 li-

204 2603 265 2635 bro
291 2603 353 2644 qui
384 2603 615 2640 inscribitur:
650 2604 902 2646 disputationes
929 2602 1135 2638 Platonicae
1161 2606 1264 2647 duae,
1290 2618 1325 2648 p.
1354 2607 1412 2643 12.
1439 2616 1513 2645 not.
1541 2612 1578 2645 9.

251 2691 254 2693 .
299 2658 354 2705 (4)
380 2662 436 2695 De
462 2664 641 2705 methodo,
668 2675 738 2706 qua
764 2663 931 2708 adbideas
957 2665 1147 2697 intuendas
1174 2667 1433 2710 perveniamus,
1461 2677 1580 2703 noster

200 2720 415 2763 ‹lisputatin
443 2723 581 2761 Phileb,
603 2734 682 2766 pag.
706 2723 833 2763 ⁷16,„c.
857 2723 901 2756 D.
928 2723 971 2762 Ε,
