1799 3104
258 238 330 289 90

258 383 314 424 ita
356 379 564 431 ascendit,
616 385 664 423 ut
706 380 793 422 illas
845 379 961 437 quasi
1002 378 1054 421 ad
1099 378 1200 421 haec
1251 378 1425 423 evehere
1477 380 1652 425 studeat.

259 459 444 503 Platonis
497 460 605 502 enim
647 457 941 517 rempublicam
995 458 1191 501 exhibere
1234 474 1381 502 censeo
1431 460 1654 518 perfectam

258 538 561 595 philosophiae,
598 538 801 595 politicae,
837 537 993 579 ethicae
1026 536 1298 579 Identitatem.
1377 537 1489 579 Haec
1530 540 1655 597 igitur

259 621 335 668 est,
368 631 471 674 quae
502 616 777 673 discrepantia
819 615 1047 659 intercedat
1086 618 1193 659 inter
1223 631 1291 667 ea,
1341 631 1445 674 quae
1480 622 1653 675 uterque

258 695 308 736 de
345 696 521 736 civitatis
564 695 722 751 origine
763 696 920 736 statuit.
996 695 1179 739 Civitatis
1224 708 1320 735 vero
1360 699 1499 751 partes
1542 694 1654 752 apud

255 771 470 816 Platonem
505 774 562 815 sic
597 771 883 832 denominatae
917 777 957 815 et
990 771 1220 831 descriptae
1253 779 1370 825 sunt,
1404 779 1451 816 ut
1481 775 1652 816 coniun-

258 853 360 902 ctio,
409 866 514 909 quae
545 852 653 893 inter
699 851 912 893 hominum
946 857 986 894 et
1018 852 1142 894 animi
1178 852 1327 894 virium
1357 853 1559 895 actionem
1591 854 1652 895 in-

257 929 445 981 tercedit,
476 935 587 972 recte
619 929 784 987 quidem
807 929 1003 988 probata,
1046 945 1179 989 neque
1211 937 1370 983 tamen,
1407 931 1566 988 qualem
1598 933 1653 973 ci-

256 1010 395 1051 vitatis
437 1012 650 1065 ἐνέργειαν,
699 1015 746 1050 ut
788 1011 911 1050 animi
962 1007 1200 1052 facultatum
1242 1008 1482 1052 notionibus
1523 1010 1654 1067 possit

256 1087 536 1146 respondere,
581 1103 671 1131 esse
713 1094 925 1146 oporteat,
968 1104 1264 1147 usquequaque
1314 1090 1549 1147 expositum
1587 1090 1651 1131 sit.

255 1166 486 1225 Utrumque
520 1167 599 1210 hoc
641 1167 751 1226 apud
779 1167 1047 1211 Aristotelem
1090 1166 1242 1210 factum
1282 1173 1345 1210 est
1431 1167 1534 1211 Nam
1575 1167 1651 1210 alia

258 1252 355 1289 sunt
388 1248 562 1289 civitatis
605 1247 827 1297 elementa,
872 1247 914 1289 id
947 1247 1058 1305 quod
1100 1252 1257 1305 regnat,
1293 1246 1336 1288 id
1369 1246 1481 1304 quod
1512 1248 1650 1298 servit,

255 1340 360 1384 quae
393 1327 455 1369 uti
487 1327 528 1368 in
561 1324 737 1377 familia,
780 1328 912 1384 prima
942 1326 1155 1369 hominum
1185 1327 1405 1377 societate,
1439 1328 1497 1369 sic
1531 1327 1651 1368 etiam

254 1405 297 1446 in
329 1404 542 1463 republica
568 1410 754 1456 exstant3
782 1404 884 1447 aliae
917 1410 1056 1463 partes
1098 1420 1172 1448 seu
1206 1404 1372 1448 ordines
1402 1404 1651 1464 reipublicae

253 1482 349 1539 (Ar.
382 1484 466 1542 pol.
501 1483 572 1535 IV,
608 1482 648 1536 3,
688 1482 737 1527 11
760 1511 806 1517 —
828 1482 922 1542 14).
989 1483 1110 1533 Quod
1152 1483 1301 1527 deinde
1347 1485 1477 1543 ipsam
1511 1485 1650 1527 civita·

253 1564 305 1605 tis
345 1561 479 1605 ideam
522 1578 613 1606 esse
661 1569 836 1622 uterque
886 1562 1120 1615 contendit,
1168 1578 1217 1606 eo
1269 1562 1487 1615 differunt,
1539 1562 1650 1621 quod

252 1640 372 1684 Plato
405 1642 602 1700 postulat,
632 1648 679 1684 ut
702 1644 826 1685 unius
858 1642 1036 1685 hominis
1067 1647 1213 1685 natura
1248 1643 1291 1684 in
1327 1647 1475 1685 natura
1509 1643 1648 1684 civita-

252 1722 304 1762 tis
337 1735 509 1778 prorsus
543 1735 634 1762 sese
667 1720 805 1771 tollat,
839 1726 887 1763 ut
917 1722 1083 1763 omnino
1118 1722 1250 1763 omnis
1284 1719 1546 1779 singularitas
1579 1734 1644 1762 re-

176 1852 178 1854 *
251 1804 468 1841 moveatur
513 1805 635 1857 atque
685 1801 859 1843 exsistat
905 1802 1166 1843 universitas.
1250 1798 1498 1842 Aristoteles
1548 1814 1646 1841 vero

250 1877 440 1921 homines
474 1878 658 1937 singulos
693 1878 841 1922 decore
876 1894 951 1922 suo
986 1879 1176 1922 libertate
1208 1894 1293 1922 non
1334 1878 1496 1938 spoliat,
1523 1880 1646 1921 immo

251 1973 341 2001 eam
370 1958 569 2016 postulat,
603 1963 651 2000 ut
682 1959 869 2001 homines
914 1959 1065 2017 singuli
1106 1959 1270 2016 possint
1301 1957 1380 1999 sibi
1410 1959 1491 2015 ipsi
1523 1956 1647 1999 εὐδαι-

251 2039 392 2091 μονίαν
422 2035 623 2094 praebere
665 2037 835 2094 eiusque
879 2038 1030 2079 conscii
1072 2035 1174 2079 fieri.
1249 2035 1350 2078 Cum
1392 2050 1439 2078 ea
1479 2037 1647 2094 propria

250 2129 418 2173 quoque
440 2116 652 2173 possessio
687 2116 903 2158 coniuncta
938 2120 1013 2166 est,
1048 2130 1168 2173 quam
1198 2114 1316 2158 Plato
1333 2114 1491 2157 admitti
1522 2129 1646 2172 posse

250 2198 375 2253 negat
391 2190 475 2248 (1).
540 2193 731 2252 Denique
750 2193 800 2236 de
833 2195 1014 2246 ratione,
1049 2209 1153 2252 quae
1186 2195 1229 2237 in
1258 2194 1475 2252 utriusque
1496 2208 1644 2252 opere,

250 2273 302 2315 de
335 2287 417 2331 quo
450 2274 606 2330 agitur,
651 2275 847 2324 occurrit,
890 2275 948 2315 sic
981 2273 1247 2316 statuendum
1281 2288 1371 2316 esse
1403 2273 1503 2315 mihi
1530 2273 1645 2314 visus

250 2366 353 2396 sum.
418 2351 581 2395 Etenim
613 2352 731 2395 Plato
764 2354 938 2395 civitatis
977 2358 1163 2395 naturam
1208 2352 1260 2395 ad
1299 2366 1480 2395 summos
1512 2365 1644 2409 usque

247 2429 387 2472 fontes
419 2430 628 2489 indagavit
668 2437 708 2474 et
742 2446 945 2474 summum
988 2431 1209 2474 declaravit
1239 2430 1447 2474 Unitatem
1478 2428 1643 2473 absolu-

248 2516 345 2561 tam,
398 2512 463 2553 cui
496 2512 538 2553 in
572 2512 657 2553 vita
692 2511 851 2569 agenda
882 2511 1156 2570 responderet
1188 2511 1358 2561 iustitia,
1393 2511 1515 2553 animi
1546 2524 1641 2568 par-

248 2590 350 2631 tium
393 2591 623 2633 consensiO.
697 2588 891 2634 Ostendit
933 2592 1123 2642 omnino,
1167 2589 1392 2633 doctrinam
1433 2589 1642 2649 politicam

346 2760 400 2805 (1)
429 2759 490 2794 Fr.
517 2762 622 2796 Biese
647 2761 675 2798 1.
703 2761 742 2804 1„
771 2766 793 2794 t.
820 2762 872 2804 Π,
898 2773 933 2806 1).
962 2761 1034 2796 428
1059 2762 1096 2796 in
1123 2765 1244 2799 annot.
