1799 3104
1482 258 1551 309 ⁸73

164 412 244 450 tem
277 402 408 444 altiori
442 401 609 444 consilio
642 407 904 460 proponeret.
971 401 1182 444 Summum
1217 407 1353 444 autem
1382 402 1421 443 in
1457 401 1553 442 civi-

163 487 246 525 tate
281 479 330 521 ab
350 478 573 521 Aristotele
606 478 769 520 condita
801 486 862 522 est
893 481 1041 522 mentis
1074 484 1255 535 ἐνέργεια,
1290 495 1393 536 quae
1426 478 1548 520 finem

164 557 309 618 agendi
334 563 492 615 spectat
524 562 565 599 et
597 557 831 599 societatem
862 559 1079 601 humanam
1112 572 1244 615 usque
1277 572 1324 598 eo
1358 556 1551 599 corrobo—

161 642 238 687 rat,
269 641 317 678 ut
349 648 437 676 eam
470 635 547 676 illis
571 635 763 677 virtutem
795 637 958 687 tribuat,
990 652 1070 694 qua
1089 652 1171 678 una
1200 638 1284 678 vita
1303 637 1435 677 omnis
1456 650 1552 676 eon-

164 716 307 759 stituta
342 715 405 756 sit.
477 712 567 754 Hoc
608 712 729 755 modo
769 714 910 757 Unitas
946 721 984 757 et
1018 730 1241 758 consensus
1274 715 1453 772 partium
1497 715 1552 755 ci-

163 793 298 835 vitatis
330 791 525 840 nascitur,
558 792 599 832 in
632 806 712 848 qua
747 793 894 849 singuli
928 808 1085 834 summo
1126 794 1305 834 omnium
1349 793 1552 834 bonorum

162 870 351 914 libertate
394 867 577 911 fruentes
609 884 684 927 pro
721 885 794 912 sua
833 872 1006 928 quisque
1055 870 1192 912 indole
1223 860 1345 912 saluti
1378 871 1549 912 civitatis

165 947 395 991 consulunt.
458 946 523 988 Ex
556 962 635 1003 qua
665 946 900 990 Aristotelis
933 950 1147 998 sententia,
1182 963 1302 1005 quam
1334 963 1460 1004 supra
1486 946 1550 988 fu-

165 1027 249 1068 sius
283 1024 598 1075 declaravimus,
632 1031 769 1082 patet,
814 1026 1018 1082 quomodo
1052 1028 1121 1076 iis,
1156 1041 1261 1083 quae
1292 1026 1342 1066 de
1375 1027 1553 1082 optimae

165 1104 336 1147 civitatis
376 1104 545 1145 notione
593 1102 851 1161 disputabat,
892 1104 1102 1145 historiam
1158 1104 1364 1146 civitatum
1406 1103 1551 1161 imple-

166 1188 275 1225 ctere
298 1172 494 1240 potuerit,
529 1183 584 1224 ita
615 1187 663 1224 ut
686 1197 823 1224 earum
848 1181 1003 1224 formae
1035 1182 1260 1224 arctissimo
1293 1182 1455 1224 vinculo
1489 1196 1552 1224 es-

165 1266 255 1304 sent
289 1262 528 1304 coniunctae
562 1266 602 1303 et
644 1262 757 1319 prior
789 1260 920 1303 forma
963 1262 1040 1302 iam
1073 1262 1313 1318 posterioris
1356 1261 1554 1302 elementa

165 1341 374 1383 continere
416 1338 639 1381 videretur.
706 1338 806 1381 Cum
840 1340 964 1397 igitur
1004 1340 1181 1397 optimae
1214 1337 1368 1380 formae
1400 1345 1554 1381 ceteras

165 1423 394 1477 opponeret
432 1423 473 1459 et
522 1416 729 1474 quomodo
780 1417 829 1459 ab
870 1418 937 1458 illa
978 1417 1275 1475 discreparent,
1325 1419 1553 1459 accuratius

164 1496 416 1547 ostenderet,
458 1497 681 1546 rationem,
726 1510 806 1553 qua
837 1494 955 1537 Plato
989 1494 1141 1539 formas
1174 1497 1272 1538 istas
1306 1495 1555 1553 contempla-

163 1582 230 1619 tus
261 1580 368 1625 erat,
413 1572 659 1616 Aristoteles
712 1573 919 1623 servabat,
964 1589 1047 1615 non
1086 1576 1141 1615 ita
1176 1580 1331 1624 tamen,
1381 1580 1428 1615 ut
1470 1588 1553 1624 eas,

162 1655 304 1712 prouti
341 1649 605 1709 παρεκβάσεις
647 1656 785 1693 essent
817 1653 994 1709 optimae
1029 1653 1220 1703 civitatis,
1260 1652 1381 1710 plane
1410 1653 1553 1695 reiice-

164 1738 247 1783 ret,
290 1730 364 1773 sed
403 1731 458 1773 ita
497 1736 544 1772 ut
591 1731 826 1772 interiorem
868 1745 1006 1772 earum
1038 1744 1268 1772 connexum
1307 1731 1555 1788 exploraret.

164 1810 267 1853 Nam
298 1810 474 1868 primum
517 1808 705 1852 omnibus
738 1810 945 1851 civitatum
979 1808 1120 1851 formis
1154 1815 1195 1851 et
1226 1811 1390 1867 optimis
1424 1816 1465 1851 et
1496 1811 1557 1851 in-

166 1888 269 1932 fimis
312 1887 479 1946 aliquod
522 1887 676 1930 bonum
729 1902 772 1930 ac
812 1887 934 1930 laude
979 1887 1146 1946 dignum
1191 1889 1325 1930 inesse
1367 1887 1595 1931 declarat.-

166 1967 326 2010 Deinde
359 1982 456 2009 vero
483 1967 667 2009 similiter
696 1966 943 2010 Aristoteles
978 1982 1068 2008 cum
1099 1968 1264 2017 moveri,
1297 1972 1343 2009 ut
1376 1969 1556 2009 omnium

167 2038 254 2089 tum
287 2060 391 2104 quae
433 2045 621 2089 sensibus
662 2046 788 2104 accipi
819 2050 905 2088 tum
938 2060 1041 2103 quae
1074 2050 1208 2088 mente
1247 2044 1418 2103 intelligi
1457 2060 1554 2103 pos-

169 2131 266 2168 sunt
296 2126 628 2175 universitatem,
664 2125 721 2166 sic
749 2125 1000 2182 reipublicae
1033 2124 1182 2167 formas
1217 2124 1395 2173 doceret,
1429 2125 1556 2180 priori

168 2206 450 2263 posteriorem,
482 2204 702 2262 posteriori
724 2204 903 2262 priorem
927 2204 1053 2262 iungi,
1088 2204 1280 2261 optimam
1308 2209 1443 2246 autem
1466 2218 1553 2246 om·

170 2298 242 2326 nes
274 2286 316 2326 in
349 2298 393 2325 se
423 2283 631 2325 continere
661 2281 892 2340 profitetur.

290 2363 373 2406 Iam
412 2363 558 2420 igitur,
608 2362 786 2411 ratione,
836 2375 914 2418 qua
957 2359 1284 2417 disquisitionem
1325 2361 1376 2403 de
1417 2361 1558 2405 formis

170 2441 420 2499 reipublicae
461 2441 661 2489 instituit,
705 2440 889 2497 cognita,
931 2439 1215 2497 aggrediamur
1257 2439 1309 2481 ad
1342 2456 1409 2491 ea,
1454 2456 1558 2497 quae

170 2518 417 2562 Aristoteles
454 2518 504 2561 de
527 2519 869 2576 hac‘gravissima
905 2524 1021 2577 parte
1049 2519 1109 2560 rei
1144 2518 1334 2576 politicae
1372 2518 1556 2576 disputa-

171 2599 242 2650 vit,
278 2599 505 2641 accuratius
538 2596 832 2657 cognoscenda.
905 2596 1100 2639 Attamen
1144 2611 1235 2639 cum
1271 2599 1313 2639 in
1345 2598 1416 2648 iis,
1453 2612 1558 2656 quae

173 2674 223 2718 de
252 2676 395 2720 formis
428 2679 601 2720 civitatis
635 2692 657 2718 a
688 2676 859 2718 Platone
893 2676 1087 2719 exhibitis
1123 2676 1414 2728 disseruimus,
1449 2680 1557 2736 ipsa-

172 2768 263 2800 rum
292 2755 515 2801 formarum
538 2757 885 2800 enumerationem
919 2771 1008 2800 cum
1044 2758 1216 2810 ratione,
1252 2772 1332 2817 qua
1362 2772 1429 2801 eas
1460 2772 1555 2800 con-
