1799 3104
217 246 289 300 80

217 388 396 447 denique
433 396 495 432 est
527 394 860 447 aesymnetarum
880 386 949 440 (1)
991 389 1061 446 qui
1101 402 1191 431 cum
1232 394 1439 450 potestate
1471 389 1606 433 illimi-

217 474 301 511 tata
333 468 386 510 ad
418 469 543 510 vitam
577 473 649 510 aut
680 468 732 510 ad
771 473 925 510 certum
957 473 1120 526 tempus
1166 472 1237 509 aut
1268 466 1320 509 ad
1352 474 1504 511 certam
1535 468 1607 511 ali-

217 560 339 605 quam
371 560 459 589 rem
499 545 754 589 creabantur.
825 544 872 588 In
912 544 1061 603 quibus
1094 544 1282 588 omnibus
1305 559 1383 588 rex
1413 546 1470 588 ita
1497 560 1608 590 sum-

217 640 325 667 mam
357 630 605 682 potestatem
649 630 782 674 tenet,
824 630 871 665 ut
902 626 992 681 ipse
1023 624 1183 682 legibus
1213 624 1339 666 semel
1372 623 1477 666 datis
1510 613 1609 667 obe-

218 702 315 746 diat.
394 701 527 745 Addit
583 717 682 745 vero
729 708 872 745 auctor
920 703 1102 759 quintam
1146 717 1368 761 regnorum
1416 705 1608 760 speciem,

217 783 511 837 παμβασιλείαν
532 779 622 837 42),
665 794 746 838 qua
778 795 856 822 rex
905 780 970 821 vel
1003 785 1087 822 tota
1128 782 1215 822 eius
1246 795 1348 839 gens
1380 786 1494 823 tanta
1527 782 1610 824 vir-

219 865 309 901 tute
343 874 484 901 omnes
519 858 747 908 antecellat,
783 864 829 900 ut
862 873 1003 900 omnes
1037 864 1184 915 sponte
1216 860 1253 900 ei
1293 861 1508 916 imperium
1547 858 1610 901 of-

218 937 365 987 ferant,
401 938 493 994 quia
528 939 615 995 ipse
651 937 715 978 vel
756 937 922 994 optimis
955 936 1115 994 legibus
1160 936 1281 995 longe
1315 938 1368 979 sit
1396 942 1609 995 praestan-

216 1017 311 1065 tior,
345 1017 467 1057 immo
496 1012 576 1056 Dei
608 1014 763 1056 similis.
827 1013 890 1055 De
926 1029 1005 1070 qua
1035 1013 1206 1057 confuse
1239 1020 1280 1056 et
1309 1014 1427 1057 valde
1457 1017 1611 1057 incerte

219 1092 466 1152 disputavit,
523 1098 646 1151 atque
693 1094 958 1135 coniecerunt
1012 1092 1200 1135 nonnulli
1247 1094 1514 1151 interpretes,
1568 1094 1610 1136 in

217 1170 451 1213 Alexandri
481 1170 664 1213 favorem
709 1171 809 1212 haec
859 1173 995 1212 omnia
1036 1170 1085 1211 ab
1127 1170 1352 1212 Aristotele
1404 1170 1611 1229 disputata

220 1264 325 1301 esse,
360 1248 411 1292 de
444 1264 524 1307 qua
548 1252 782 1293 coniectura
811 1250 1019 1292 monuisse
1043 1249 1141 1291 satis
1170 1250 1258 1291 erit.
1324 1251 1608 1305 Παμβασιλεία

217 1327 261 1371 id
298 1342 520 1386 regnorum
552 1343 684 1386 genus
718 1343 808 1371 esse
840 1327 1026 1378 videtur,
1071 1326 1183 1385 quod
1221 1329 1342 1370 etiam
1380 1327 1505 1371 hodie
1534 1343 1610 1371 no-

218 1409 364 1459 vimus,
396 1406 468 1450 ubi
501 1421 579 1453 rex
610 1406 722 1449 solus
755 1406 916 1465 legibus
950 1412 1014 1449 est
1042 1407 1231 1464 superior
1263 1411 1303 1449 et
1333 1407 1446 1450 solus
1477 1409 1608 1451 omni-

217 1485 296 1530 bus
327 1484 452 1528 rebus
490 1484 688 1537 consulit,
740 1499 873 1543 neque
924 1483 1041 1528 adest
1080 1489 1247 1528 senatus
1288 1487 1415 1528 totius
1465 1485 1610 1545 populi

218 1566 385 1607 nomine
418 1578 509 1606 cum
542 1566 728 1621 principe
761 1578 886 1621 agens
925 1564 1151 1620 (absolutes
1188 1564 1490 1622 Konigthum);
1533 1564 1612 1607 hoc

218 1647 377 1699 tantum
419 1641 676 1693 discrimine,
720 1640 832 1699 quod
872 1643 915 1683 iu
954 1642 1124 1683 notione
1168 1641 1411 1685 Aristotelia
1451 1656 1610 1686 morum

221 1726 262 1763 et
302 1722 467 1763 virtutis
509 1734 666 1763 summa
716 1718 916 1778 perfectio
967 1734 1057 1762 cum
1103 1725 1309 1778 potestate
1352 1720 1518 1778 politica
1560 1721 1612 1764 ad

219 1813 349 1843 unum
392 1797 567 1842 conflata
624 1804 698 1841 est.
773 1797 884 1842 Rara
937 1813 1033 1841 vero
1074 1798 1138 1841 vel
1181 1799 1303 1858 plane
1343 1815 1427 1843 non
1476 1804 1612 1844 exstat

220 1881 333 1920 tanta
363 1878 487 1919 unius
519 1876 697 1919 hominis
728 1891 828 1934 prae
862 1879 1006 1919 ceteris
1038 1880 1311 1935 praestantia3
1347 1877 1398 1920 de
1427 1878 1504 1919 hac
1535 1879 1611 1936 igi-

220 1962 288 1998 tur
318 1971 403 1998 non
439 1957 602 2012 cogitat.
655 1954 945 2003 Quaerendum
969 1957 1108 2011 itaque
1138 1961 1213 2005 est,
1248 1954 1359 2012 quod
1390 1971 1611 2013 regnorum

219 2047 352 2092 genus
400 2031 648 2076 Aristoteles
698 2033 843 2074 ceteris
895 2033 1190 2090 anteposuerit.
1285 2031 1389 2075 Nam
1439 2047 1611 2092 regnum

221 2127 314 2154 eum
346 2111 539 2162 voluisse,
574 2116 662 2153 tota
681 2113 768 2153 eius
789 2110 986 2168 loquendi
1012 2113 1116 2153 ratio
1147 2111 1261 2154 iubet
1279 2109 1355 2169 (3)
1419 2111 1611 2171 Regnum

218 2192 345 2252 igitur
376 2189 620 2249 intelligitur
653 2191 777 2233 unius
809 2190 986 2233 hominis
1019 2192 1172 2234 virtute
1199 2192 1448 2250 praestantis
1481 2192 1611 2251 impe-

219 2272 341 2320 rium,
375 2271 445 2328 qui
478 2275 613 2313 tamen
650 2269 811 2329 legibus
856 2269 1020 2322 obedit3
1060 2271 1101 2313 in
1135 2270 1307 2329 singulis
1344 2285 1443 2313 vero
1472 2270 1611 2323 rebus,

221 2348 273 2391 de
307 2348 455 2406 quibus
487 2349 578 2407 lege
608 2348 666 2391 nil
700 2350 977 2400 constituitur,
1011 2364 1095 2391 una
1127 2364 1218 2392 cum
1249 2349 1393 2407 populi
1424 2349 1611 2392 multitu-

221 2427 317 2470 dine
359 2429 533 2470 civitatis
575 2428 696 2471 saluti
739 2428 927 2470 consulit.
1011 2428 1154 2470 Talem
1203 2433 1305 2485 puto
1345 2427 1611 2472 Aristotelem

320 2631 375 2675 (1)
401 2635 450 2669 ib,
479 2635 547 2675 111,
572 2635 607 2675 9,
633 2633 657 2665 5
684 2640 718 2665 et
744 2634 779 2667 6.

320 2692 375 2735 (2)
402 2694 453 2725 ib.
480 2695 548 2735 111,
578 2694 635 2736 10,
661 2694 697 2729 2.
725 2696 770 2729 cf.
798 2695 857 2736 ll,
886 2694 932 2727 12
959 2700 992 2726 et
1019 2693 1076 2729 13.

321 2751 377 2802 (3)
402 2751 509 2785 Arist.
536 2754 609 2798 pol.
637 2754 707 2800 111,
734 2755 792 2797 10,
818 2753 854 2787 5.
882 2755 944 2791 cll.
972 2755 1033 2796 IV,
1057 2753 1092 2797 2,
1121 2753 1152 2791 l.
1181 2754 1220 2797 V,
1245 2754 1279 2798 8,
1307 2754 1341 2796 6,
