1799 3104
1464 244 1534 294 75

150 385 339 430 effectum
365 385 436 434 sit,
470 389 516 427 ut
547 384 625 427 hae
649 382 847 426 factiones
882 384 1151 426 democratica
1186 390 1226 427 et
1259 386 1534 427 aristocratica

148 479 222 507 seu
254 462 496 521 oligarchica
534 464 652 517 (nam
695 462 949 504 aristocratia
988 468 1069 503 tam
1100 465 1245 519 priscis
1280 463 1535 521 temporibus

145 538 188 578 in
220 529 481 594 oligarchiam
508 538 664 585 mutata
684 539 758 584 est,
788 539 847 584 ut,
880 534 951 576 ubi
986 533 1036 575 de
1069 548 1166 575 vero
1188 535 1381 577 historiae
1404 535 1532 578 Grae-

145 630 215 657 cae
248 614 350 658 flore
368 615 514 672 agitur,
549 617 724 669 utraque
753 613 918 654 nomine
936 618 1095 655 tantum
1121 611 1295 664 differat,
1329 629 1372 655 re
1399 625 1532 656 autem

143 695 250 736 idem
283 691 516 750 significet),
551 695 703 733 tantam
736 690 974 749 dignitatem
1009 697 1151 734 nactae
1184 694 1276 736 sint.
1342 691 1445 735 Nam
1481 695 1535 734 si-

145 771 274 814 mulac
315 771 520 820 civitates,
565 771 741 812 maxime
787 770 1105 813 Atheniensium
1146 777 1184 813 et
1233 771 1532 829 Spartanorum

141 853 388 908 potestatem
436 864 551 890 suam
589 850 789 890 internam
831 855 954 906 atque
987 855 1199 892 externam
1239 865 1389 907 augere
1422 852 1532 892 ince-

141 933 305 987 perunt,
339 928 467 969 totius
503 927 648 985 populi
694 928 940 970 alacritatem
980 929 1132 986 ingenii
1161 930 1289 987 magis
1322 930 1533 987 magisque

141 1008 300 1050 incitari
332 1005 705 1057 animadvertimus,
736 1022 839 1063 quae
873 1006 924 1048 ad
955 1022 1091 1049 rerum
1120 1007 1376 1065 publicarum
1410 1022 1531 1065 quam

140 1087 359 1129 maximam
402 1089 561 1143 partem
604 1084 894 1143 capessendam
936 1086 1188 1144 singulorum
1231 1088 1386 1129 animos
1429 1088 1529 1129 inci-

139 1164 264 1208 tabat.
342 1163 418 1206 Vel
458 1165 547 1222 ipse
588 1163 834 1206 Aristoteles
885 1163 926 1206 id
968 1170 1075 1206 certe
1124 1166 1326 1222 postulat,
1369 1181 1421 1208 ne
1454 1181 1528 1225 po-

141 1244 261 1302 pulus
289 1243 348 1285 ‘ad
378 1244 617 1285 servitutem
647 1242 870 1301 redigatur,
904 1249 951 1285 ut
979 1243 1169 1301 publicae
1207 1244 1349 1286 salutis
1379 1259 1528 1286 consu-

137 1321 284 1365 lendae
326 1326 367 1364 et
409 1336 622 1364 causarum
663 1320 1017 1374 diiudicandarum
1064 1328 1221 1380 partem
1269 1322 1418 1365 habeat
1452 1321 1528 1379 (1).

136 1401 288 1459 Populi
330 1416 427 1444 vero
470 1400 724 1444 multitudini
767 1402 958 1458 opposita
1006 1407 1067 1444 est
1091 1401 1295 1445 nobilitas,
1369 1401 1526 1444 Verum

138 1481 246 1523 enim
284 1494 382 1523 vero
424 1479 606 1530 nobiles,
650 1480 711 1521 uti
741 1481 877 1538 prisca
909 1485 1054 1531 aetate,
1088 1479 1160 1522 ubi
1195 1482 1301 1523 inter
1325 1495 1527 1522 summum

137 1559 303 1609 bonum,
339 1557 451 1615 quod
478 1563 637 1600 constat
654 1559 805 1599 virtute
829 1557 1026 1615 perfecta,
1047 1565 1086 1601 et
1103 1574 1188 1601 rem
1204 1559 1413 1617 politicam
1433 1559 1525 1601 nul-

135 1637 220 1680 lum
253 1635 472 1680 discrimen
504 1637 724 1687 intererat,
759 1637 909 1678 virtute
934 1638 1094 1679 interna
1121 1643 1161 1680 et
1194 1638 1391 1679 exteriori
1421 1636 1524 1679 adeo

138 1716 357 1767 clarebant,
391 1720 439 1757 ut
481 1716 698 1772 imperium
734 1716 782 1756 iis
815 1714 1100 1767 mandaretur3
1144 1718 1200 1758 sic
1232 1718 1352 1758 etiam
1381 1722 1528 1774 postea

135 1800 307 1853 propter
340 1794 574 1836 divitiarum
606 1809 726 1851 opem
759 1799 799 1836 et
829 1799 1102 1851 potestatem,
1137 1810 1217 1852 qua
1249 1794 1365 1837 bellis
1397 1796 1528 1853 potis-

136 1875 283 1916 simum
323 1874 445 1930 potiti
488 1877 626 1922 erant,
669 1874 842 1915 civitatis
876 1873 1198 1930 gubernaculum
1244 1879 1385 1916 tenere
1414 1874 1526 1916 vole—

136 1952 246 1994 bant.
322 1950 435 2001 Quae
477 1952 754 1993 aristocratiae
788 1953 830 1993 in
877 1951 1140 2009 oligarchiam
1190 1953 1361 1994 mutatio
1404 1952 1527 1994 fiebat

135 2032 245 2074 inter
275 2029 428 2074 bellum
461 2029 673 2073 Persicum
722 2036 763 2072 et
800 2030 1208 2089 Peloponnesiacum.
1281 2030 1369 2072 Hae
1403 2032 1527 2089 igitur

137 2110 242 2153 duae
271 2125 441 2168 magnae
474 2108 672 2152 factiones
704 2116 831 2161 erant,
865 2126 968 2167 quae
1002 2109 1211 2153 Graeciam
1252 2109 1527 2152 dilacerabant

136 2194 177 2232 et
208 2204 311 2248 quae
344 2189 460 2247 quasi
492 2203 632 2231 semen
666 2194 793 2239 erant,
828 2203 908 2246 quo
941 2190 1027 2230 eius
1056 2188 1278 2247 perniciem
1311 2193 1351 2230 et
1383 2190 1524 2231 interi-

136 2273 223 2310 tum
249 2267 397 2310 adduci
428 2267 664 2323 oportebat,
698 2267 879 2323 populus
909 2273 950 2309 et
979 2269 1194 2324 optimates
1220 2266 1296 2323 (2)
1360 2267 1523 2310 Inveni-

137 2351 205 2389 tur
236 2345 401 2404 quidem
435 2360 482 2387 ea
506 2344 676 2387 divitum
701 2350 742 2387 et
766 2360 995 2403 pauperum
1027 2346 1234 2404 oppositio
1260 2345 1449 2388 omnibus
1484 2348 1524 2388 in

138 2424 392 2475 civitatibus,
428 2426 470 2466 in
503 2422 667 2467 Graecis
700 2438 797 2466 vero
831 2423 1061 2466 civitatibus
1097 2425 1165 2474 ita,
1199 2429 1247 2466 ut
1278 2430 1365 2467 tota
1395 2425 1524 2467 histo—

237 2613 291 2660 (l)
318 2615 380 2651 Ar.
406 2616 478 2659 pol.
503 2615 574 2656 lll.‚
600 2614 635 2656 6,
662 2614 698 2649 6.

237 2673 292 2721 (2)
319 2677 363 2710 cf.
393 2676 631 2709 Wachsmuth
655 2676 682 2710 1.
707 2675 735 2711 l.
764 2674 809 2715 1.,
835 2674 871 2715 2,
898 2685 931 2716 p,
959 2675 1007 2707 99
1033 2685 1107 2719 sqq.
