1799 3104
235 263 306 313 84

235 407 317 448 tius
358 410 581 463 utrumque
621 406 797 448 secernit
827 402 903 462 (1).
976 404 1120 463 Neque
1159 420 1332 463 usquam
1371 407 1414 449 in
1456 406 1627 448 historia

235 485 445 527 civitatum
478 484 724 529 Graecarum
756 490 931 542 utraque
959 484 1065 528 bene
1099 484 1296 543 distingui
1328 491 1479 543 potest.
1542 483 1625 526 Bo-

234 579 329 606 nam
380 570 502 622 atque
553 564 803 607 moderatam
850 563 1139 606 democratiam
1189 565 1231 605 in
1285 564 1447 605 civitate
1494 563 1627 605 Athe-

236 644 370 685 niensi
409 657 542 700 usque
584 643 636 684 ad
675 648 847 685 mortem
882 642 1062 686 Cimonis
1103 658 1176 685 seu
1219 657 1352 700 usque
1385 641 1436 684 ad
1468 643 1627 684 initium

231 720 329 764 belli
360 720 703 778 Peloponnesiaci
736 722 931 778 persequi
961 720 1078 773 licet,
1109 723 1152 764 in
1184 736 1265 779 qua
1292 720 1455 763 valebat
1495 718 1628 775 ἰσότης

232 797 317 841 κατ’
343 797 467 849 ἀξίαν,
497 815 592 842 vera
614 797 854 854 δικαιοσύνη,
886 815 1006 857 quam
1029 799 1277 842 Aristoteles
1297 801 1452 843 statuit.
1503 797 1626 840 Nam-

232 892 313 936 que
346 875 478 933 Ῐσότης
508 877 576 920 illa
610 877 794 920 nondum
827 883 914 920 erat
942 877 1128 920 absoluta
1157 883 1302 937 postea
1334 877 1496 920 demum
1528 891 1625 919 con*

232 956 329 1008 dita,
355 971 436 1014 qua
468 971 610 998 omnes
644 956 786 999 eadem
818 957 1031 1014 privilegia
1068 963 1108 998 et
1139 957 1318 999 honores
1352 956 1429 999 sibi
1460 970 1625 1013 arroga-

230 1035 353 1087 bant;
388 1034 458 1077 sed
494 1049 636 1077 omnes
669 1034 830 1093 legibus
858 1033 1106 1078 obediebant
1140 1050 1274 1093 neque
1305 1035 1432 1078 ullum
1463 1039 1627 1093 praeter

234 1115 431 1157 iustitiam
464 1129 555 1156 sese
591 1113 737 1156 efferre
770 1113 973 1156 sinebant.
1039 1113 1108 1156 Sic
1138 1114 1318 1172 populus
1358 1113 1625 1156 Atheniensis

233 1194 383 1235 sensim
428 1208 587 1235 summa
628 1207 766 1235 rerum
806 1194 963 1250 potitus
999 1199 1083 1243 cst,
1128 1194 1243 1234 cuius
1276 1194 1337 1234 rei
1359 1192 1512 1249 ubique
1546 1192 1625 1233 ini-

232 1273 333 1313 tium
367 1270 469 1321 fieri,
505 1271 635 1313 sicubi
669 1272 802 1327 aliqua
842 1272 984 1312 civitas
1014 1270 1142 1312 classe
1174 1272 1469 1327 maritimisque
1501 1269 1625 1312 rebus

231 1348 422 1390 omnibus
456 1348 714 1405 praevaleret
764 1353 804 1389 et
853 1347 984 1389 sicubi
1043 1353 1271 1390 mercatura
1310 1347 1498 1398 floreret,
1545 1349 1623 1389 iam

232 1426 480 1469 Aristoteles
522 1427 738 1484 perspexit
757 1424 843 1482 (2),
897 1441 1031 1483 neque
1063 1428 1335 1476 recentiores,
1374 1428 1482 1468 inter
1521 1440 1624 1483 quos

231 1511 294 1547 est
323 1505 635 1547 Montescuvius
656 1501 741 1562 (3),
785 1506 1024 1547 omiserunt.
1090 1504 1207 1547 Duae
1239 1520 1337 1547 vero
1369 1504 1482 1555 illae,
1524 1519 1625 1561 quas

232 1585 398 1642 saepius
431 1585 679 1633 notavimus,
710 1597 790 1633 res,
825 1585 995 1625 avaritia
1027 1599 1081 1625 ex
1109 1589 1339 1626 mercatura
1368 1590 1470 1634 orta,
1505 1588 1545 1625 et
1577 1583 1626 1624 il-

228 1662 321 1713 tud,
354 1677 434 1719 quo
474 1661 526 1704 ad
566 1661 756 1719 politicas
790 1676 856 1702 res
895 1659 1154 1713 ferebantur,
1205 1661 1455 1704 desiderium
1499 1660 1624 1703 vehe—

230 1742 542 1791 mentissimum,
578 1742 699 1783 etiam
726 1739 901 1783 florente
930 1739 1144 1783 moderata
1177 1739 1439 1792 democratia,
1470 1741 1623 1798 princi-

229 1833 303 1876 pes
345 1833 492 1860 causae
533 1824 648 1860 erant
688 1818 797 1860 illius
838 1833 942 1876 quae
991 1825 1153 1876 postea·
1190 1818 1486 1877 insequebatur
1536 1833 1623 1860 mo-

230 1913 320 1939 rum
356 1897 675 1954 depravationis.
751 1896 869 1939 Unde
913 1912 1009 1939 vere
1042 1904 1082 1940 et
1110 1898 1320 1955 praeclare
1352 1897 1505 1939 dictum
1545 1897 1623 1939 hoc

229 1975 555 2026 Ciceronianum,
594 1975 711 2017 »nolo
731 1974 907 2017 eundem
931 1974 1130 2033 populum
1149 1976 1436 2033 imperatorem
1468 1980 1508 2018 et
1526 1990 1624 2033 por·

228 2056 393 2096 titorem
421 2068 510 2095 esse
544 2058 744 2094 terrarum
760 2051 862 2108 (4).«
934 2051 1036 2095 Nam
1078 2053 1309 2095 divitiarum
1347 2055 1622 2111 possessionis

228 2131 432 2190 cupiditas
466 2133 593 2175 totius
623 2131 768 2190 populi
801 2132 958 2174 animos
998 2131 1264 2175 vehementer
1313 2133 1461 2175 invasit
1500 2137 1623 2190 atque

324 2347 381 2396 (1)
410 2353 459 2387 ib,
487 2353 527 2392 V,
553 2350 590 2392 3,
617 2350 653 2384 6.
705 2350 782 2382 Hoc
817 2351 898 2382 loco
938 2356 1167 2392 temperatam
1217 2351 1469 2382 democratiam
1514 2348 1619 2393 (poli-

230 2410 330 2454 tiam)
360 2413 398 2453 V,
435 2411 494 2452 10,
532 2410 569 2444 3.
605 2417 725 2443 autem
761 2421 880 2443 veram
915 2411 1168 2443 democratiam
1206 2410 1430 2443 intellexisse
1465 2411 1617 2451 videtur,

228 2473 275 2508 cs.
301 2472 341 2513 V,
370 2472 403 2513 1,
439 2473 473 2507 9.
508 2472 543 2508 8,
579 2472 641 2503 en.
678 2471 750 2505 eth.
784 2471 863 2502 Nic.
892 2471 932 2513 V,
957 2470 993 2513 3,
1018 2471 1053 2504 4.
1105 2471 1238 2502 Ultima
1272 2479 1379 2511 quam
1413 2472 1620 2503 Aristoteles

227 2533 315 2566 dicit
354 2533 571 2565 democratia
606 2542 670 2564 seu
706 2531 914 2573 demagogia
948 2533 987 2564 in
1023 2531 1189 2564 omnibus
1227 2530 1300 2563 sere
1337 2532 1541 2565 civitatibus
1577 2543 1620 2565 eo

226 2600 384 2636 tempore
408 2599 491 2626 nata
519 2599 582 2635 est,
610 2603 680 2635 quo
706 2590 948 2625 Athenienses
970 2603 990 2624 a
1017 2591 1246 2634 Syracusanis
1272 2592 1357 2625 vieti
1393 2598 1487 2626 sunt.

323 2654 377 2695 (2)
405 2656 465 2687 Ar.
493 2655 564 2696 pol.
593 2655 631 2694 V,
658 2653 693 2694 2,
722 2652 778 2688 12.
806 2651 841 2693 3,
867 2651 900 2683 5.

326 2710 383 2756 (3)
411 2714 436 2747 1.
464 2715 503 2754 1.,
529 2714 555 2744 l.
580 2713 665 2745 XX.
697 2723 774 2753 cap.
800 2711 835 2743 4.

323 2771 378 2817 (4)
407 2773 481 2805 Cic.
507 2771 631 2813 fragm.
658 2781 713 2814 ap.
741 2770 834 2805 Non.
864 2770 896 2812 1,
923 2769 982 2806 95.
