1799 3104
265 248 333 300 42

262 391 385 431 homo
425 404 508 431 non
550 390 726 448 amplius
770 391 823 432 sit
861 403 936 446 per
977 404 1020 431 se
1062 389 1240 447 aliquid3
1275 390 1519 433 Aristoteles
1552 404 1651 433 vero

262 469 435 525 quaerit,
469 483 671 526 quaenam
696 470 790 519 sint,
822 482 927 525 quae
952 467 1004 511 ad
1034 473 1173 527 partes
1207 469 1388 526 singulas
1404 470 1650 527 pertineant,

262 561 367 603 quae
406 546 616 605 plerisque
667 547 729 589 vel
780 546 968 590 omnibus
1019 549 1172 606 optima
1218 548 1270 589 sit
1311 549 1486 591 civitatis
1535 549 1652 591 insti-

257 628 377 669 tutio.

383 703 438 747 Ut
468 709 605 746 autem
623 703 849 754 videamus,
884 703 1015 760 qualis
1040 710 1274 763 quantaque
1291 718 1428 748 rerum
1452 706 1569 763 eopia
1605 707 1646 747 in

259 782 324 824 his
347 781 463 825 libris
483 782 533 824 ab
550 781 778 825 Aristotele
796 781 956 839 prolata
973 783 1039 832 sit,
1073 782 1329 840 singulorum
1359 782 1556 826 librorum
1589 797 1652 825 ar-

259 865 501 918 gumentum
524 860 705 903 breviter
739 874 975 902 enarremus
993 857 1070 916 (1).
1124 859 1207 901 Iam
1233 862 1424 902 convenit
1453 874 1545 903 eum
1568 875 1653 903 me·

259 937 414 995 thodo,
452 953 559 994 quae
601 944 746 995 regnat
782 940 823 979 in
867 936 1058 980 omnibus
1098 939 1186 980 eius
1231 938 1653 996 argumentationibus

260 1014 582 1073 philosophicis,
633 1015 745 1072 quod
777 1016 915 1057 statim
954 1017 1071 1058 initio
1101 1016 1282 1059 breviter
1313 1015 1538 1074 significata
1566 1018 1654 1059 eius

260 1095 335 1143 rei,
369 1108 489 1150 quam
524 1107 795 1152 aggressurus
829 1099 912 1143 est,
946 1099 1092 1137 natura
1125 1096 1165 1137 in
1200 1094 1452 1153 singularum
1476 1096 1655 1153 partium

261 1171 441 1214 indolem
485 1179 523 1215 ct
564 1187 707 1214 causas
748 1172 1034 1214 cohaerentiae
1081 1175 1262 1230 inquirit‚
1338 1172 1494 1216 Statuit
1530 1174 1655 1231 igitur

261 1253 444 1294 rationes
469 1258 511 1294 et
541 1251 666 1309 leges,
692 1252 857 1308 quaein
887 1265 1023 1293 rerum
1054 1256 1199 1293 natura
1232 1252 1507 1301 inveniantur,
1540 1251 1655 1294 initia

261 1331 458 1382 civitatis,
491 1329 647 1373 scilicet
680 1328 976 1374 elementorum
1010 1327 1287 1388 quorundam,
1320 1344 1494 1387 quorum
1526 1344 1655 1374 unum

261 1411 349 1451 sine
382 1409 510 1452 altero
544 1423 678 1466 neque
711 1410 879 1452 omnino
912 1423 1003 1450 esse
1027 1409 1160 1466 possit
1189 1421 1322 1465 neque
1355 1407 1467 1450 aliud
1498 1407 1576 1450 sibi
1599 1409 1654 1450 si-

260 1486 356 1530 mile
386 1495 628 1545 procreare,
679 1487 1027 1537 coniunctionem,
1062 1485 1188 1529 veluti
1218 1488 1342 1529 maris
1375 1484 1654 1544 feminaeque3

262 1565 411 1609 deinde
451 1580 540 1608 eam
577 1565 710 1624 legem
738 1570 933 1614 naturae,
977 1579 1056 1622 qua
1090 1564 1191 1606 aliae
1222 1578 1289 1606 res
1322 1564 1410 1607 aliis
1443 1566 1525 1607 sint
1557 1564 1654 1608 sub-

260 1646 410 1688 missae
452 1645 594 1703 eisque
633 1642 875 1694 inferiores,
912 1645 969 1687 ita
1008 1648 1056 1686 ut
1096 1658 1367 1702 unaquaeque
1405 1659 1428 1686 a
1452 1646 1655 1702 superiori

262 1738 379 1765 suam
410 1726 493 1765 vim
526 1725 710 1780 accipiat.
776 1721 891 1770 Quae
921 1721 1033 1779 leges
1067 1726 1238 1764 naturae
1262 1722 1384 1764 etiam
1418 1723 1461 1764 in
1492 1723 1654 1769 civitate

262 1800 412 1844 valent.
476 1800 618 1858 Itaque
651 1802 693 1843 in
725 1801 802 1842 viri
836 1805 877 1842 et
904 1798 1081 1843 feminae
1108 1801 1338 1851 iunctione,
1371 1806 1460 1843 tum
1491 1801 1535 1843 in
1566 1800 1654 1843 illa-

259 1891 350 1921 rum
373 1880 566 1936 partium,
600 1892 706 1936 quae
739 1878 791 1920 ad
818 1878 1075 1936 regnandum
1099 1885 1141 1921 et
1159 1892 1311 1930 earum,
1346 1892 1451 1936 quae
1473 1877 1527 1921 ad
1554 1878 1653 1921 obe-

260 1955 457 2000 diendum
498 1958 747 2000 constitutae
783 1959 887 2007 sint,
941 1971 1147 2001 consensu
1179 1958 1353 2000 civitati-s
1385 1956 1653 2000 fundamenta

261 2038 462 2078 nituntur.
534 2034 732 2077 Perhibet
782 2036 907 2093 igitur
945 2040 1085 2092 partes
1114 2036 1290 2078 civitatis
1328 2032 1521 2078 familiam
1558 2035 1651 2094 plu-

259 2114 450 2172 riumque
485 2111 732 2157 familiarum
784 2115 1020 2157 societatem
1064 2115 1220 2165 vicum,
1269 2128 1323 2156 ex
1362 2128 1443 2171 qua
1472 2116 1654 2157 nascitur

261 2194 426 2244 eivitas;
458 2191 556 2235 dein
588 2190 842 2235 discriminat
879 2192 922 2235 id
960 2192 1072 2250 quod
1100 2197 1245 2251 regnat
1274 2197 1315 2236 et
1348 2191 1392 2235 id
1421 2192 1534 2250 quod
1565 2207 1652 2237 ser-

263 2272 320 2312 vit
360 2269 446 2328 (2);
497 2276 644 2329 postea
695 2285 793 2313 vero
851 2270 1034 2330 disputat
1094 2270 1145 2314 de
1197 2270 1341 2322 modo,
1401 2285 1483 2328 quo
1547 2271 1649 2314 haee

263 2348 346 2391 duo
401 2349 625 2399 elementa,
685 2352 792 2392 inter
833 2365 876 2392 se
927 2351 1236 2401 consocientur,
1295 2354 1335 2391 et
1392 2348 1443 2392 de
1495 2348 1650 2394 artibus

262 2442 364 2485 quas
399 2442 451 2470 ex
485 2434 667 2478 erceant,
717 2426 939 2485 οἰκονομική
973 2434 1014 2472 et
1046 2426 1327 2486 χρηματιστική
1350 2425 1436 2484 (3);
1475 2427 1651 2487 denique

360 2571 420 2620 (1)
448 2576 495 2609 ef.
522 2576 635 2609 Biner
660 2577 875 2612 Gesclniclne
902 2578 965 2611 ‹ler
985 2578 1227 2618 Philosophie,
1254 2581 1339 2611 tom.
1367 2577 1447 2618 111„
1472 2577 1531 2614 Fr.
1545 2577 1649 2609 Riese

262 2637 288 2669 Ι.
307 2637 335 2668 l.
362 2642 448 2670 tom.
476 2637 537 2679 11„
564 2647 671 2679 quem
698 2639 904 2680 nuperrime
931 2639 1057 2674 edidit.

361 2692 415 2739 (2)
442 2699 499 2739 Ar,
525 2698 597 2739 pol,
623 2699 666 2740 1.,
695 2699 714 2731 1
742 2705 776 2731 et
802 2699 835 2732 2.

360 2753 415 2801 (3)
442 2757 495 2793 1⁴1,
523 2758 571 2793 ib,
600 2758 644 2798 1.‚
664 2757 688 2790 3
716 2763 748 2789 ee
773 2759 806 2793 4.
