<?xml version="1.0" encoding="UTF-8"?>
<!DOCTYPE html PUBLIC "-//W3C//DTD XHTML 1.0 Transitional//EN"
    "http://www.w3.org/TR/xhtml1/DTD/xhtml1-transitional.dtd">
<html xmlns="http://www.w3.org/1999/xhtml" xml:lang="en" lang="en">
 <head>
  <title>
</title>
<meta http-equiv="Content-Type" content="text/html;charset=utf-8" />
  <meta name='ocr-system' content='tesseract 3.04.00' />
  <meta name='ocr-capabilities' content='ocr_page ocr_carea ocr_par ocr_line ocrx_word'/>
</head>
<body>
  <div class='ocr_page' id='page_1' title='image "4737182_0094.png"; bbox 0 0 1799 3104; ppageno 0'>
   <div class='ocr_carea' id='block_1_1' title="bbox 256 263 326 314">
    <p class='ocr_par' dir='ltr' id='par_1_1' title="bbox 256 263 326 314">
     <span class='ocr_line' id='line_1_1' title="bbox 256 263 326 314; baseline -0.043 0"><span class='ocrx_word' id='word_1_1' title='bbox 256 263 326 314; x_wconf 78' lang='lat'><strong>86</strong></span> 
     </span>
    </p>
   </div>
   <div class='ocr_carea' id='block_1_2' title="bbox 252 401 1655 2754">
    <p class='ocr_par' dir='ltr' id='par_1_2' title="bbox 252 401 1655 1649">
     <span class='ocr_line' id='line_1_2' title="bbox 254 401 1648 461; baseline -0.001 -15"><span class='ocrx_word' id='word_1_2' title='bbox 254 408 305 447; x_wconf 91' lang='lat' dir='ltr'><strong>iis</strong></span> <span class='ocrx_word' id='word_1_3' title='bbox 355 403 638 446; x_wconf 82' lang='lat' dir='ltr'><strong>describendis</strong></span> <span class='ocrx_word' id='word_1_4' title='bbox 689 404 927 461; x_wconf 88' lang='lat' dir='ltr'><strong>propositus</strong></span> <span class='ocrx_word' id='word_1_5' title='bbox 971 407 1076 452; x_wconf 88' lang='lat' dir='ltr'><strong>erat,</strong></span> <span class='ocrx_word' id='word_1_6' title='bbox 1127 401 1307 444; x_wconf 85' lang='lat' dir='ltr'><strong>breviter</strong></span> <span class='ocrx_word' id='word_1_7' title='bbox 1347 401 1648 446; x_wconf 84' lang='lat' dir='ltr'><strong>denotaremus.</strong></span> 
     </span>
     <span class='ocr_line' id='line_1_3' title="bbox 254 480 1649 541; baseline -0.001 -15"><span class='ocrx_word' id='word_1_8' title='bbox 254 481 360 527; x_wconf 90' lang='lat' dir='ltr'><strong>Nam</strong></span> <span class='ocrx_word' id='word_1_9' title='bbox 395 497 486 525; x_wconf 90' lang='lat' dir='ltr'><strong>cum</strong></span> <span class='ocrx_word' id='word_1_10' title='bbox 520 482 564 526; x_wconf 89' lang='lat' dir='ltr'><strong>id</strong></span> <span class='ocrx_word' id='word_1_11' title='bbox 597 482 675 526; x_wconf 84' lang='lat' dir='ltr'>sibi</span> <span class='ocrx_word' id='word_1_12' title='bbox 706 486 982 541; x_wconf 85' lang='lat' dir='ltr'>proponeret,</span> <span class='ocrx_word' id='word_1_13' title='bbox 1017 487 1063 524; x_wconf 93' lang='lat' dir='ltr'><strong>ut</strong></span> <span class='ocrx_word' id='word_1_14' title='bbox 1096 495 1295 523; x_wconf 89' lang='lat' dir='ltr'><strong>summam</strong></span> <span class='ocrx_word' id='word_1_15' title='bbox 1336 480 1469 523; x_wconf 88' lang='lat' dir='ltr'><strong>ideam</strong></span> <span class='ocrx_word' id='word_1_16' title='bbox 1509 483 1649 541; x_wconf 85' lang='lat' dir='ltr'><strong>reipu-</strong></span> 
     </span>
     <span class='ocr_line' id='line_1_4' title="bbox 252 559 1651 618; baseline -0.002 -12"><span class='ocrx_word' id='word_1_17' title='bbox 252 562 386 606; x_wconf 87' lang='lat' dir='ltr'><strong>blicae</strong></span> <span class='ocrx_word' id='word_1_18' title='bbox 419 562 657 613; x_wconf 81' lang='lat' dir='ltr'><strong>delinearet,</strong></span> <span class='ocrx_word' id='word_1_19' title='bbox 691 561 897 604; x_wconf 89' lang='lat' dir='ltr'><strong>Unitatem</strong></span> <span class='ocrx_word' id='word_1_20' title='bbox 929 560 1139 603; x_wconf 85' lang='lat' dir='ltr'><strong>relativam</strong></span> <span class='ocrx_word' id='word_1_21' title='bbox 1174 560 1244 618; x_wconf 90' lang='lat' dir='ltr'><strong>(sit</strong></span> <span class='ocrx_word' id='word_1_22' title='bbox 1269 561 1390 602; x_wconf 87' lang='lat' dir='ltr'><strong>venia</strong></span> <span class='ocrx_word' id='word_1_23' title='bbox 1421 559 1554 618; x_wconf 88' lang='lat' dir='ltr'><strong>verbi)</strong></span> <span class='ocrx_word' id='word_1_24' title='bbox 1576 574 1651 604; x_wconf 89' lang='lat' dir='ltr'><strong>seu</strong></span> 
     </span>
     <span class='ocr_line' id='line_1_5' title="bbox 256 639 1650 701; baseline -0.002 -15"><span class='ocrx_word' id='word_1_25' title='bbox 256 640 456 701; x_wconf 78' lang='grc' dir='ltr'><strong><em>μεσότητα</em></strong></span> <span class='ocrx_word' id='word_1_26' title='bbox 488 656 591 700; x_wconf 90' lang='lat' dir='ltr'><strong>quae</strong></span> <span class='ocrx_word' id='word_1_27' title='bbox 625 639 895 698; x_wconf 86' lang='lat' dir='ltr'><strong>exaequando</strong></span> <span class='ocrx_word' id='word_1_28' title='bbox 929 640 1182 699; x_wconf 82' lang='lat' dir='ltr'><strong>singulorum</strong></span> <span class='ocrx_word' id='word_1_29' title='bbox 1224 639 1437 683; x_wconf 88' lang='lat' dir='ltr'><strong>hominum</strong></span> <span class='ocrx_word' id='word_1_30' title='bbox 1478 641 1650 684; x_wconf 84' lang='lat' dir='ltr'><strong>virtutes</strong></span> 
     </span>
     <span class='ocr_line' id='line_1_6' title="bbox 257 718 1651 779; baseline -0.001 -15"><span class='ocrx_word' id='word_1_31' title='bbox 257 728 379 779; x_wconf 91' lang='lat' dir='ltr'><strong>atque</strong></span> <span class='ocrx_word' id='word_1_32' title='bbox 411 722 533 770; x_wconf 81' lang='lat' dir='ltr'><strong>vitia,</strong></span> <span class='ocrx_word' id='word_1_33' title='bbox 573 725 613 762; x_wconf 83' lang='lat' dir='ltr'><strong>et</strong></span> <span class='ocrx_word' id='word_1_34' title='bbox 644 734 691 761; x_wconf 91' lang='lat' dir='ltr'><strong>ea</strong></span> <span class='ocrx_word' id='word_1_35' title='bbox 725 734 829 777; x_wconf 89' lang='lat' dir='ltr'><strong>quae</strong></span> <span class='ocrx_word' id='word_1_36' title='bbox 861 718 969 761; x_wconf 88' lang='lat' dir='ltr'><strong>bona</strong></span> <span class='ocrx_word' id='word_1_37' title='bbox 1003 734 1160 776; x_wconf 85' lang='lat' dir='ltr'><strong>quaeve</strong></span> <span class='ocrx_word' id='word_1_38' title='bbox 1192 718 1296 760; x_wconf 87' lang='lat' dir='ltr'><strong>mala</strong></span> <span class='ocrx_word' id='word_1_39' title='bbox 1328 723 1487 770; x_wconf 85' lang='lat' dir='ltr'><strong>essent,</strong></span> <span class='ocrx_word' id='word_1_40' title='bbox 1521 720 1651 762; x_wconf 85' lang='lat' dir='ltr'><strong>orire-</strong></span> 
     </span>
     <span class='ocr_line' id='line_1_7' title="bbox 255 797 1652 859; baseline -0.002 -16"><span class='ocrx_word' id='word_1_41' title='bbox 255 807 345 844; x_wconf 82' lang='lat' dir='ltr'><strong>tur:</strong></span> <span class='ocrx_word' id='word_1_42' title='bbox 385 802 563 859; x_wconf 88' lang='lat' dir='ltr'><strong>primum</strong></span> <span class='ocrx_word' id='word_1_43' title='bbox 604 798 807 850; x_wconf 86' lang='lat' dir='ltr'><strong>ostendit,</strong></span> <span class='ocrx_word' id='word_1_44' title='bbox 848 797 999 841; x_wconf 86' lang='lat' dir='ltr'><strong>formas</strong></span> <span class='ocrx_word' id='word_1_45' title='bbox 1041 800 1215 841; x_wconf 89' lang='lat' dir='ltr'><strong>civitatis</strong></span> <span class='ocrx_word' id='word_1_46' title='bbox 1253 813 1354 855; x_wconf 91' lang='lat' dir='ltr'><strong>quas</strong></span> <span class='ocrx_word' id='word_1_47' title='bbox 1396 800 1652 841; x_wconf 89' lang='lat' dir='ltr'><strong>enumeravi-</strong></span> 
     </span>
     <span class='ocr_line' id='line_1_8' title="bbox 256 875 1651 936; baseline -0.002 -14"><span class='ocrx_word' id='word_1_48' title='bbox 256 894 362 930; x_wconf 90' lang='lat' dir='ltr'><strong>mus,</strong></span> <span class='ocrx_word' id='word_1_49' title='bbox 395 879 461 920; x_wconf 87' lang='lat' dir='ltr'><strong>vel</strong></span> <span class='ocrx_word' id='word_1_50' title='bbox 493 881 622 936; x_wconf 82' lang='lat' dir='ltr'><strong>magis</strong></span> <span class='ocrx_word' id='word_1_51' title='bbox 647 877 708 919; x_wconf 86' lang='lat' dir='ltr'><strong>vel</strong></span> <span class='ocrx_word' id='word_1_52' title='bbox 744 879 878 919; x_wconf 90' lang='lat' dir='ltr'><strong>minus</strong></span> <span class='ocrx_word' id='word_1_53' title='bbox 913 892 935 919; x_wconf 89' lang='lat' dir='ltr'><strong>a</strong></span> <span class='ocrx_word' id='word_1_54' title='bbox 965 879 1181 935; x_wconf 92' lang='lat' dir='ltr'><strong>proposito</strong></span> <span class='ocrx_word' id='word_1_55' title='bbox 1207 878 1381 919; x_wconf 86' lang='lat' dir='ltr'><strong>civitatis</strong></span> <span class='ocrx_word' id='word_1_56' title='bbox 1405 875 1488 920; x_wconf 91' lang='lat' dir='ltr'><strong>fine</strong></span> <span class='ocrx_word' id='word_1_57' title='bbox 1520 876 1651 920; x_wconf 85' lang='lat' dir='ltr'><strong>disce-</strong></span> 
     </span>
     <span class='ocr_line' id='line_1_9' title="bbox 258 956 1652 1016; baseline -0.001 -15"><span class='ocrx_word' id='word_1_58' title='bbox 258 958 379 1010; x_wconf 88' lang='lat' dir='ltr'><strong>dere;</strong></span> <span class='ocrx_word' id='word_1_59' title='bbox 413 957 564 1000; x_wconf 90' lang='lat' dir='ltr'><strong>deinde</strong></span> <span class='ocrx_word' id='word_1_60' title='bbox 597 972 695 1000; x_wconf 88' lang='lat' dir='ltr'><strong>vero</strong></span> <span class='ocrx_word' id='word_1_61' title='bbox 729 957 802 1000; x_wconf 88' lang='lat' dir='ltr'><strong>has</strong></span> <span class='ocrx_word' id='word_1_62' title='bbox 836 959 946 1015; x_wconf 87' lang='lat' dir='ltr'><strong>ipsas</strong></span> <span class='ocrx_word' id='word_1_63' title='bbox 983 971 1036 999; x_wconf 84' lang='lat' dir='ltr'><strong>ex</strong></span> <span class='ocrx_word' id='word_1_64' title='bbox 1067 972 1151 999; x_wconf 90' lang='lat' dir='ltr'><strong>uno</strong></span> <span class='ocrx_word' id='word_1_65' title='bbox 1173 959 1379 999; x_wconf 88' lang='lat' dir='ltr'><strong>communi</strong></span> <span class='ocrx_word' id='word_1_66' title='bbox 1409 956 1523 1000; x_wconf 88' lang='lat' dir='ltr'><strong>fonte</strong></span> <span class='ocrx_word' id='word_1_67' title='bbox 1554 971 1652 1016; x_wconf 88' lang='lat' dir='ltr'><strong>pro-</strong></span> 
     </span>
     <span class='ocr_line' id='line_1_10' title="bbox 256 1035 1655 1094; baseline -0.001 -14"><span class='ocrx_word' id='word_1_68' title='bbox 256 1037 397 1088; x_wconf 88' lang='lat' dir='ltr'><strong>ficisci,</strong></span> <span class='ocrx_word' id='word_1_69' title='bbox 433 1052 483 1079; x_wconf 87' lang='lat' dir='ltr'><strong>ex</strong></span> <span class='ocrx_word' id='word_1_70' title='bbox 526 1038 705 1086; x_wconf 88' lang='lat' dir='ltr'><strong>ratione,</strong></span> <span class='ocrx_word' id='word_1_71' title='bbox 751 1050 831 1094; x_wconf 88' lang='lat' dir='ltr'><strong>qua</strong></span> <span class='ocrx_word' id='word_1_72' title='bbox 872 1035 1024 1078; x_wconf 84' lang='lat' dir='ltr'><strong>diversi</strong></span> <span class='ocrx_word' id='word_1_73' title='bbox 1059 1035 1310 1094; x_wconf 87' lang='lat' dir='ltr'><strong>reipublicae</strong></span> <span class='ocrx_word' id='word_1_74' title='bbox 1350 1035 1515 1079; x_wconf 85' lang='lat' dir='ltr'><strong>ordines</strong></span> <span class='ocrx_word' id='word_1_75' title='bbox 1558 1040 1655 1079; x_wconf 91' lang='lat' dir='ltr'><strong>sunt</strong></span> 
     </span>
     <span class='ocr_line' id='line_1_11' title="bbox 258 1114 1652 1172; baseline -0.002 -13"><span class='ocrx_word' id='word_1_76' title='bbox 258 1118 481 1166; x_wconf 90' lang='lat' dir='ltr'><strong>coniuncti,</strong></span> <span class='ocrx_word' id='word_1_77' title='bbox 516 1122 557 1158; x_wconf 90' lang='lat' dir='ltr'><strong>et</strong></span> <span class='ocrx_word' id='word_1_78' title='bbox 585 1117 762 1157; x_wconf 83' lang='lat' dir='ltr'><strong>maxime</strong></span> <span class='ocrx_word' id='word_1_79' title='bbox 796 1114 961 1172; x_wconf 87' lang='lat' dir='ltr'><strong>quidem</strong></span> <span class='ocrx_word' id='word_1_80' title='bbox 997 1130 1050 1157; x_wconf 81' lang='lat' dir='ltr'><strong>ex</strong></span> <span class='ocrx_word' id='word_1_81' title='bbox 1083 1117 1395 1165; x_wconf 86' lang='lat' dir='ltr'><strong>coniunctione,</strong></span> <span class='ocrx_word' id='word_1_82' title='bbox 1437 1130 1560 1172; x_wconf 88' lang='lat' dir='ltr'><strong>quam</strong></span> <span class='ocrx_word' id='word_1_83' title='bbox 1591 1116 1652 1157; x_wconf 90' lang='lat' dir='ltr'><strong>vis</strong></span> 
     </span>
     <span class='ocr_line' id='line_1_12' title="bbox 258 1192 1653 1253; baseline -0.002 -15"><span class='ocrx_word' id='word_1_84' title='bbox 258 1195 505 1253; x_wconf 84' lang='lat' dir='ltr'><strong>oligarchica</strong></span> <span class='ocrx_word' id='word_1_85' title='bbox 545 1200 586 1235; x_wconf 89' lang='lat' dir='ltr'><strong>et</strong></span> <span class='ocrx_word' id='word_1_86' title='bbox 630 1193 923 1242; x_wconf 85' lang='lat' dir='ltr'><strong>democratica,</strong></span> <span class='ocrx_word' id='word_1_87' title='bbox 969 1207 1043 1234; x_wconf 91' lang='lat' dir='ltr'><strong>seu</strong></span> <span class='ocrx_word' id='word_1_88' title='bbox 1093 1192 1239 1235; x_wconf 92' lang='lat' dir='ltr'><strong>divites</strong></span> <span class='ocrx_word' id='word_1_89' title='bbox 1281 1198 1321 1234; x_wconf 90' lang='lat' dir='ltr'><strong>et</strong></span> <span class='ocrx_word' id='word_1_90' title='bbox 1364 1207 1570 1251; x_wconf 89' lang='lat' dir='ltr'><strong>pauperes</strong></span> <span class='ocrx_word' id='word_1_91' title='bbox 1611 1194 1653 1235; x_wconf 90' lang='lat' dir='ltr'><strong>in</strong></span> 
     </span>
     <span class='ocr_line' id='line_1_13' title="bbox 260 1271 1653 1328; baseline -0.001 -12"><span class='ocrx_word' id='word_1_92' title='bbox 260 1275 423 1316; x_wconf 87' lang='lat' dir='ltr'><strong>civitate</strong></span> <span class='ocrx_word' id='word_1_93' title='bbox 467 1274 678 1323; x_wconf 81' lang='lat' dir='ltr'><strong>iniissent3</strong></span> <span class='ocrx_word' id='word_1_94' title='bbox 722 1271 899 1328; x_wconf 90' lang='lat' dir='ltr'><strong>denique</strong></span> <span class='ocrx_word' id='word_1_95' title='bbox 952 1271 1194 1321; x_wconf 86' lang='lat' dir='ltr'><strong>declaravit,</strong></span> <span class='ocrx_word' id='word_1_96' title='bbox 1245 1273 1439 1328; x_wconf 88' lang='lat' dir='ltr'><strong>optimam</strong></span> <span class='ocrx_word' id='word_1_97' title='bbox 1480 1271 1653 1314; x_wconf 86' lang='lat' dir='ltr'><strong>formam</strong></span> 
     </span>
     <span class='ocr_line' id='line_1_14' title="bbox 257 1350 1653 1409; baseline -0.001 -14"><span class='ocrx_word' id='word_1_98' title='bbox 257 1351 359 1395; x_wconf 89' lang='lat' dir='ltr'><strong>nihil</strong></span> <span class='ocrx_word' id='word_1_99' title='bbox 395 1365 485 1393; x_wconf 92' lang='lat' dir='ltr'><strong>esse</strong></span> <span class='ocrx_word' id='word_1_100' title='bbox 518 1351 598 1393; x_wconf 89' lang='lat' dir='ltr'><strong>nisi</strong></span> <span class='ocrx_word' id='word_1_101' title='bbox 640 1365 727 1391; x_wconf 84' lang='lat' dir='ltr'><strong>eam</strong></span> <span class='ocrx_word' id='word_1_102' title='bbox 762 1364 866 1407; x_wconf 87' lang='lat' dir='ltr'><strong>quae</strong></span> <span class='ocrx_word' id='word_1_103' title='bbox 897 1365 950 1392; x_wconf 82' lang='lat' dir='ltr'><strong>ex</strong></span> <span class='ocrx_word' id='word_1_104' title='bbox 983 1350 1172 1393; x_wconf 89' lang='lat' dir='ltr'><strong>omnibus</strong></span> <span class='ocrx_word' id='word_1_105' title='bbox 1205 1350 1310 1394; x_wconf 88' lang='lat' dir='ltr'><strong>bene</strong></span> <span class='ocrx_word' id='word_1_106' title='bbox 1342 1355 1382 1394; x_wconf 89' lang='lat' dir='ltr'><strong>et</strong></span> <span class='ocrx_word' id='word_1_107' title='bbox 1415 1364 1544 1409; x_wconf 86' lang='lat' dir='ltr'><strong>aeque</strong></span> <span class='ocrx_word' id='word_1_108' title='bbox 1578 1351 1653 1393; x_wconf 87' lang='lat' dir='ltr'><strong>mi-</strong></span> 
     </span>
     <span class='ocr_line' id='line_1_15' title="bbox 257 1428 1653 1487; baseline -0.001 -14"><span class='ocrx_word' id='word_1_109' title='bbox 257 1435 464 1481; x_wconf 87' lang='lat' dir='ltr'><strong>sceretur,</strong></span> <span class='ocrx_word' id='word_1_110' title='bbox 508 1444 695 1487; x_wconf 89' lang='lat' dir='ltr'><strong>quaeque</strong></span> <span class='ocrx_word' id='word_1_111' title='bbox 747 1443 944 1471; x_wconf 90' lang='lat' dir='ltr'><strong>summam</strong></span> <span class='ocrx_word' id='word_1_112' title='bbox 991 1434 1030 1471; x_wconf 92' lang='lat' dir='ltr'><strong>et</strong></span> <span class='ocrx_word' id='word_1_113' title='bbox 1063 1428 1237 1471; x_wconf 89' lang='lat' dir='ltr'><strong>mediam</strong></span> <span class='ocrx_word' id='word_1_114' title='bbox 1289 1431 1406 1487; x_wconf 88' lang='lat' dir='ltr'><strong>quasi</strong></span> <span class='ocrx_word' id='word_1_115' title='bbox 1452 1431 1653 1473; x_wconf 89' lang='lat' dir='ltr'><strong>rationem</strong></span> 
     </span>
     <span class='ocr_line' id='line_1_16' title="bbox 260 1506 1654 1567; baseline -0.001 -14"><span class='ocrx_word' id='word_1_116' title='bbox 260 1511 502 1553; x_wconf 87' lang='lat' dir='ltr'><strong>contineret.</strong></span> <span class='ocrx_word' id='word_1_117' title='bbox 574 1507 648 1550; x_wconf 88' lang='lat' dir='ltr'><strong>Est</strong></span> <span class='ocrx_word' id='word_1_118' title='bbox 688 1510 795 1550; x_wconf 87' lang='lat' dir='ltr'><strong>enim</strong></span> <span class='ocrx_word' id='word_1_119' title='bbox 846 1508 913 1551; x_wconf 86' lang='lat' dir='ltr'><strong>illa</strong></span> <span class='ocrx_word' id='word_1_120' title='bbox 958 1524 1053 1551; x_wconf 86' lang='lat' dir='ltr'><strong>vera</strong></span> <span class='ocrx_word' id='word_1_121' title='bbox 1095 1506 1275 1564; x_wconf 79' lang='grc' dir='ltr'><em>μεσότης,</em></span> <span class='ocrx_word' id='word_1_122' title='bbox 1324 1515 1521 1567; x_wconf 88' lang='lat' dir='ltr'><strong>quantum</strong></span> <span class='ocrx_word' id='word_1_123' title='bbox 1564 1509 1654 1551; x_wconf 88' lang='lat' dir='ltr'><strong>fieri</strong></span> 
     </span>
     <span class='ocr_line' id='line_1_17' title="bbox 256 1586 862 1649; baseline -0.003 -18"><span class='ocrx_word' id='word_1_124' title='bbox 256 1594 409 1649; x_wconf 87' lang='lat' dir='ltr'><strong>potest,</strong></span> <span class='ocrx_word' id='word_1_125' title='bbox 443 1590 486 1630; x_wconf 89' lang='lat' dir='ltr'><strong>in</strong></span> <span class='ocrx_word' id='word_1_126' title='bbox 517 1589 680 1630; x_wconf 89' lang='lat' dir='ltr'><strong>civitate</strong></span> <span class='ocrx_word' id='word_1_127' title='bbox 716 1586 862 1630; x_wconf 86' lang='lat' dir='ltr'><strong>efficta.</strong></span> 
     </span>
    </p>

    <p class='ocr_par' dir='ltr' id='par_1_3' title="bbox 255 1666 1655 2754">
     <span class='ocr_line' id='line_1_18' title="bbox 381 1666 1653 1724; baseline 0 -14"><span class='ocrx_word' id='word_1_128' title='bbox 381 1667 464 1710; x_wconf 86' lang='lat' dir='ltr'><strong>Fac</strong></span> <span class='ocrx_word' id='word_1_129' title='bbox 500 1668 627 1717; x_wconf 88' lang='lat' dir='ltr'><strong>enim,</strong></span> <span class='ocrx_word' id='word_1_130' title='bbox 673 1673 888 1724; x_wconf 83' lang='lat' dir='ltr'><strong>antequam</strong></span> <span class='ocrx_word' id='word_1_131' title='bbox 924 1666 1020 1709; x_wconf 87' lang='lat' dir='ltr'><strong>huic</strong></span> <span class='ocrx_word' id='word_1_132' title='bbox 1054 1669 1386 1710; x_wconf 88' lang='lat' dir='ltr'><strong>commentationi</strong></span> <span class='ocrx_word' id='word_1_133' title='bbox 1425 1666 1547 1710; x_wconf 88' lang='lat' dir='ltr'><strong>finem</strong></span> <span class='ocrx_word' id='word_1_134' title='bbox 1579 1669 1653 1710; x_wconf 89' lang='lat' dir='ltr'><strong>im-</strong></span> 
     </span>
     <span class='ocr_line' id='line_1_19' title="bbox 257 1744 1654 1805; baseline 0.001 -17"><span class='ocrx_word' id='word_1_135' title='bbox 257 1761 482 1804; x_wconf 82' lang='lat' dir='ltr'><strong>ponamus,</strong></span> <span class='ocrx_word' id='word_1_136' title='bbox 524 1759 723 1786; x_wconf 87' lang='lat' dir='ltr'><strong>summam</strong></span> <span class='ocrx_word' id='word_1_137' title='bbox 764 1759 904 1787; x_wconf 90' lang='lat' dir='ltr'><strong>eorum</strong></span> <span class='ocrx_word' id='word_1_138' title='bbox 948 1759 1052 1803; x_wconf 90' lang='lat' dir='ltr'><strong>quae</strong></span> <span class='ocrx_word' id='word_1_139' title='bbox 1095 1744 1394 1804; x_wconf 84' lang='lat' dir='ltr'><strong>disputavimus</strong></span> <span class='ocrx_word' id='word_1_140' title='bbox 1436 1751 1477 1789; x_wconf 93' lang='lat' dir='ltr'><strong>et</strong></span> <span class='ocrx_word' id='word_1_141' title='bbox 1505 1745 1654 1805; x_wconf 87' lang='lat' dir='ltr'><strong>quibus</strong></span> 
     </span>
     <span class='ocr_line' id='line_1_20' title="bbox 258 1824 1653 1882; baseline 0.001 -15"><span class='ocrx_word' id='word_1_142' title='bbox 258 1827 477 1882; x_wconf 91' lang='lat' dir='ltr'><strong>utriusque</strong></span> <span class='ocrx_word' id='word_1_143' title='bbox 534 1825 695 1882; x_wconf 88' lang='lat' dir='ltr'><strong>operis,</strong></span> <span class='ocrx_word' id='word_1_144' title='bbox 744 1824 929 1867; x_wconf 89' lang='lat' dir='ltr'><strong>Platonis</strong></span> <span class='ocrx_word' id='word_1_145' title='bbox 978 1824 1029 1866; x_wconf 89' lang='lat' dir='ltr'><strong>de</strong></span> <span class='ocrx_word' id='word_1_146' title='bbox 1079 1825 1289 1882; x_wconf 83' lang='lat' dir='ltr'><strong>republica</strong></span> <span class='ocrx_word' id='word_1_147' title='bbox 1320 1834 1381 1869; x_wconf 73' lang='lat' dir='ltr'><strong>,et</strong></span> <span class='ocrx_word' id='word_1_148' title='bbox 1418 1825 1653 1868; x_wconf 87' lang='lat' dir='ltr'><strong>Aristotelis</strong></span> 
     </span>
     <span class='ocr_line' id='line_1_21' title="bbox 258 1901 1652 1962; baseline 0.001 -16"><span class='ocrx_word' id='word_1_149' title='bbox 258 1903 370 1962; x_wconf 89' lang='lat' dir='ltr'><strong>quod</strong></span> <span class='ocrx_word' id='word_1_150' title='bbox 421 1901 472 1945; x_wconf 91' lang='lat' dir='ltr'><strong>de</strong></span> <span class='ocrx_word' id='word_1_151' title='bbox 511 1902 691 1961; x_wconf 89' lang='lat' dir='ltr'><strong>politicis</strong></span> <span class='ocrx_word' id='word_1_152' title='bbox 723 1902 848 1946; x_wconf 89' lang='lat' dir='ltr'><strong>rebus</strong></span> <span class='ocrx_word' id='word_1_153' title='bbox 899 1904 1176 1961; x_wconf 87' lang='lat' dir='ltr'><strong>conscriptum</strong></span> <span class='ocrx_word' id='word_1_154' title='bbox 1207 1909 1290 1955; x_wconf 90' lang='lat' dir='ltr'><strong>est,</strong></span> <span class='ocrx_word' id='word_1_155' title='bbox 1320 1908 1481 1947; x_wconf 90' lang='lat' dir='ltr'><strong>constet</strong></span> <span class='ocrx_word' id='word_1_156' title='bbox 1512 1904 1652 1947; x_wconf 84' lang='lat' dir='ltr'><strong>simili·</strong></span> 
     </span>
     <span class='ocr_line' id='line_1_22' title="bbox 257 1980 1654 2041; baseline 0.001 -16"><span class='ocrx_word' id='word_1_157' title='bbox 257 1982 359 2025; x_wconf 91' lang='lat' dir='ltr'><strong>tudo</strong></span> <span class='ocrx_word' id='word_1_158' title='bbox 394 1987 435 2024; x_wconf 89' lang='lat' dir='ltr'><strong>et</strong></span> <span class='ocrx_word' id='word_1_159' title='bbox 468 1981 772 2033; x_wconf 90' lang='lat' dir='ltr'><strong>dissimilitudo,</strong></span> <span class='ocrx_word' id='word_1_160' title='bbox 797 1982 978 2024; x_wconf 89' lang='lat' dir='ltr'><strong>breviter</strong></span> <span class='ocrx_word' id='word_1_161' title='bbox 1009 1987 1257 2039; x_wconf 84' lang='lat' dir='ltr'><strong>repetamus.</strong></span> <span class='ocrx_word' id='word_1_162' title='bbox 1322 1980 1504 2041; x_wconf 90' lang='lat' dir='ltr'><strong>Uterque</strong></span> <span class='ocrx_word' id='word_1_163' title='bbox 1547 1985 1654 2027; x_wconf 88' lang='lat' dir='ltr'><strong>enim</strong></span> 
     </span>
     <span class='ocr_line' id='line_1_23' title="bbox 259 2059 1654 2120; baseline 0.001 -16"><span class='ocrx_word' id='word_1_164' title='bbox 259 2066 301 2104; x_wconf 86' lang='lat' dir='ltr'><strong>et</strong></span> <span class='ocrx_word' id='word_1_165' title='bbox 332 2061 452 2103; x_wconf 89' lang='lat' dir='ltr'><strong>Plato</strong></span> <span class='ocrx_word' id='word_1_166' title='bbox 487 2066 525 2103; x_wconf 89' lang='lat' dir='ltr'><strong>ct</strong></span> <span class='ocrx_word' id='word_1_167' title='bbox 554 2060 803 2103; x_wconf 90' lang='lat' dir='ltr'><strong>Aristoteles</strong></span> <span class='ocrx_word' id='word_1_168' title='bbox 845 2063 1076 2104; x_wconf 90' lang='lat' dir='ltr'><strong>universam</strong></span> <span class='ocrx_word' id='word_1_169' title='bbox 1101 2059 1338 2120; x_wconf 41' lang='lat' dir='ltr'><strong>irationem,</strong></span> <span class='ocrx_word' id='word_1_170' title='bbox 1383 2077 1465 2120; x_wconf 90' lang='lat' dir='ltr'><strong>qua</strong></span> <span class='ocrx_word' id='word_1_171' title='bbox 1496 2064 1654 2106; x_wconf 85' lang='lat' dir='ltr'><strong>animus</strong></span> 
     </span>
     <span class='ocr_line' id='line_1_24' title="bbox 259 2140 1654 2200; baseline 0.001 -16"><span class='ocrx_word' id='word_1_172' title='bbox 259 2140 510 2184; x_wconf 86' lang='lat' dir='ltr'><strong>Graecorum</strong></span> <span class='ocrx_word' id='word_1_173' title='bbox 543 2141 586 2181; x_wconf 91' lang='lat' dir='ltr'><strong>in</strong></span> <span class='ocrx_word' id='word_1_174' title='bbox 619 2141 701 2182; x_wconf 88' lang='lat' dir='ltr'><strong>vita</strong></span> <span class='ocrx_word' id='word_1_175' title='bbox 745 2146 917 2182; x_wconf 84' lang='lat' dir='ltr'><strong>externa</strong></span> <span class='ocrx_word' id='word_1_176' title='bbox 957 2145 997 2182; x_wconf 87' lang='lat' dir='ltr'><strong>et</strong></span> <span class='ocrx_word' id='word_1_177' title='bbox 1029 2141 1070 2183; x_wconf 91' lang='lat' dir='ltr'><strong>in</strong></span> <span class='ocrx_word' id='word_1_178' title='bbox 1102 2140 1273 2199; x_wconf 83' lang='lat' dir='ltr'><strong>singulis</strong></span> <span class='ocrx_word' id='word_1_179' title='bbox 1305 2140 1429 2184; x_wconf 89' lang='lat' dir='ltr'><strong>rebus</strong></span> <span class='ocrx_word' id='word_1_180' title='bbox 1462 2141 1654 2200; x_wconf 82' lang='lat' dir='ltr'><strong>gerendis</strong></span> 
     </span>
     <span class='ocr_line' id='line_1_25' title="bbox 259 2218 1653 2277; baseline 0.001 -15"><span class='ocrx_word' id='word_1_181' title='bbox 259 2235 349 2263; x_wconf 90' lang='lat' dir='ltr'><strong>sese</strong></span> <span class='ocrx_word' id='word_1_182' title='bbox 389 2218 698 2270; x_wconf 86' lang='lat' dir='ltr'><strong>manifestabat,</strong></span> <span class='ocrx_word' id='word_1_183' title='bbox 741 2220 804 2260; x_wconf 83' lang='lat' dir='ltr'><strong>vel</strong></span> <span class='ocrx_word' id='word_1_184' title='bbox 847 2221 987 2277; x_wconf 88' lang='lat' dir='ltr'><strong>potius</strong></span> <span class='ocrx_word' id='word_1_185' title='bbox 1034 2220 1241 2277; x_wconf 89' lang='lat' dir='ltr'><strong>politicam</strong></span> <span class='ocrx_word' id='word_1_186' title='bbox 1273 2219 1522 2263; x_wconf 87' lang='lat' dir='ltr'><strong>Graecorum</strong></span> <span class='ocrx_word' id='word_1_187' title='bbox 1556 2236 1653 2264; x_wconf 92' lang='lat' dir='ltr'><strong>con-</strong></span> 
     </span>
     <span class='ocr_line' id='line_1_26' title="bbox 257 2297 1651 2358; baseline 0.001 -16"><span class='ocrx_word' id='word_1_188' title='bbox 257 2301 493 2349; x_wconf 87' lang='lat' dir='ltr'><strong>scientiam,</strong></span> <span class='ocrx_word' id='word_1_189' title='bbox 543 2298 673 2356; x_wconf 88' lang='lat' dir='ltr'><strong>qualis</strong></span> <span class='ocrx_word' id='word_1_190' title='bbox 713 2313 765 2341; x_wconf 84' lang='lat' dir='ltr'><strong>ex</strong></span> <span class='ocrx_word' id='word_1_191' title='bbox 813 2313 955 2341; x_wconf 90' lang='lat' dir='ltr'><strong>eorum</strong></span> <span class='ocrx_word' id='word_1_192' title='bbox 995 2297 1134 2341; x_wconf 90' lang='lat' dir='ltr'><strong>indole</strong></span> <span class='ocrx_word' id='word_1_193' title='bbox 1176 2305 1215 2342; x_wconf 92' lang='lat' dir='ltr'><strong>et</strong></span> <span class='ocrx_word' id='word_1_194' title='bbox 1256 2305 1403 2342; x_wconf 90' lang='lat' dir='ltr'><strong>natura</strong></span> <span class='ocrx_word' id='word_1_195' title='bbox 1443 2298 1651 2358; x_wconf 85' lang='lat' dir='ltr'><strong>prodibat,</strong></span> 
     </span>
     <span class='ocr_line' id='line_1_27' title="bbox 255 2377 1655 2437; baseline 0.002 -16"><span class='ocrx_word' id='word_1_196' title='bbox 255 2393 341 2421; x_wconf 91' lang='lat' dir='ltr'><strong>uno</strong></span> <span class='ocrx_word' id='word_1_197' title='bbox 382 2383 607 2437; x_wconf 89' lang='lat' dir='ltr'><strong>conspectu</strong></span> <span class='ocrx_word' id='word_1_198' title='bbox 647 2378 836 2436; x_wconf 91' lang='lat' dir='ltr'><strong>amplecti</strong></span> <span class='ocrx_word' id='word_1_199' title='bbox 876 2384 1046 2420; x_wconf 88' lang='lat' dir='ltr'><strong>conatus</strong></span> <span class='ocrx_word' id='word_1_200' title='bbox 1090 2384 1165 2421; x_wconf 85' lang='lat' dir='ltr'><strong>est.</strong></span> <span class='ocrx_word' id='word_1_201' title='bbox 1228 2378 1288 2421; x_wconf 86' lang='lat' dir='ltr'><strong>Eo</strong></span> <span class='ocrx_word' id='word_1_202' title='bbox 1326 2393 1424 2421; x_wconf 89' lang='lat' dir='ltr'><strong>vero</strong></span> <span class='ocrx_word' id='word_1_203' title='bbox 1458 2377 1655 2424; x_wconf 86' lang='lat' dir='ltr'><strong>differunt</strong></span> 
     </span>
     <span class='ocr_line' id='line_1_28' title="bbox 257 2456 1651 2516; baseline 0.003 -18"><span class='ocrx_word' id='word_1_204' title='bbox 257 2456 307 2499; x_wconf 82' lang='lat' dir='ltr'><strong>ab</strong></span> <span class='ocrx_word' id='word_1_205' title='bbox 337 2458 400 2507; x_wconf 89' lang='lat' dir='ltr'><strong>iis,</strong></span> <span class='ocrx_word' id='word_1_206' title='bbox 436 2458 506 2514; x_wconf 91' lang='lat' dir='ltr'><strong>qui</strong></span> <span class='ocrx_word' id='word_1_207' title='bbox 538 2462 657 2499; x_wconf 86' lang='lat' dir='ltr'><strong>antea</strong></span> <span class='ocrx_word' id='word_1_208' title='bbox 693 2456 744 2499; x_wconf 90' lang='lat' dir='ltr'><strong>de</strong></span> <span class='ocrx_word' id='word_1_209' title='bbox 775 2456 954 2515; x_wconf 89' lang='lat' dir='ltr'><strong>politicis</strong></span> <span class='ocrx_word' id='word_1_210' title='bbox 979 2459 1194 2501; x_wconf 85' lang='lat' dir='ltr'><strong>sententiis</strong></span> <span class='ocrx_word' id='word_1_211' title='bbox 1228 2463 1532 2516; x_wconf 83' lang='lat' dir='ltr'><strong>exposuerant3</strong></span> <span class='ocrx_word' id='word_1_212' title='bbox 1564 2458 1651 2516; x_wconf 89' lang='lat' dir='ltr'><strong>(ve-</strong></span> 
     </span>
     <span class='ocr_line' id='line_1_29' title="bbox 256 2536 1649 2595; baseline 0.002 -16"><span class='ocrx_word' id='word_1_213' title='bbox 256 2536 334 2579; x_wconf 87' lang='lat' dir='ltr'><strong>luti</strong></span> <span class='ocrx_word' id='word_1_214' title='bbox 366 2541 525 2594; x_wconf 89' lang='lat' dir='ltr'><strong>septem</strong></span> <span class='ocrx_word' id='word_1_215' title='bbox 559 2538 789 2594; x_wconf 90' lang='lat' dir='ltr'><strong>sapientes,</strong></span> <span class='ocrx_word' id='word_1_216' title='bbox 830 2538 940 2594; x_wconf 90' lang='lat' dir='ltr'><strong>iique</strong></span> <span class='ocrx_word' id='word_1_217' title='bbox 973 2552 1148 2595; x_wconf 88' lang='lat' dir='ltr'><strong>quorum</strong></span> <span class='ocrx_word' id='word_1_218' title='bbox 1181 2538 1404 2579; x_wconf 88' lang='lat' dir='ltr'><strong>sententias</strong></span> <span class='ocrx_word' id='word_1_219' title='bbox 1442 2537 1649 2582; x_wconf 87' lang='lat' dir='ltr'><strong>Aristote-</strong></span> 
     </span>
     <span class='ocr_line' id='line_1_30' title="bbox 257 2614 1650 2676; baseline 0.003 -20"><span class='ocrx_word' id='word_1_220' title='bbox 257 2615 316 2656; x_wconf 92' lang='lat' dir='ltr'><strong>les</strong></span> <span class='ocrx_word' id='word_1_221' title='bbox 349 2615 595 2672; x_wconf 86' lang='lat' dir='ltr'><strong>perlustrat,</strong></span> <span class='ocrx_word' id='word_1_222' title='bbox 634 2615 829 2666; x_wconf 86' lang='lat' dir='ltr'><strong>Phaleas,</strong></span> <span class='ocrx_word' id='word_1_223' title='bbox 869 2615 1154 2674; x_wconf 88' lang='lat' dir='ltr'><strong>Hippodamos</strong></span> <span class='ocrx_word' id='word_1_224' title='bbox 1199 2619 1240 2656; x_wconf 88' lang='lat' dir='ltr'><strong>ct</strong></span> <span class='ocrx_word' id='word_1_225' title='bbox 1270 2614 1525 2674; x_wconf 86' lang='lat' dir='ltr'><strong>legislatores</strong></span> <span class='ocrx_word' id='word_1_226' title='bbox 1561 2619 1650 2676; x_wconf 91' lang='lat' dir='ltr'><strong>qui-</strong></span> 
     </span>
     <span class='ocr_line' id='line_1_31' title="bbox 262 2692 1650 2754; baseline 0.004 -21"><span class='ocrx_word' id='word_1_227' title='bbox 262 2692 393 2748; x_wconf 86' lang='lat' dir='ltr'><strong>dam),</strong></span> <span class='ocrx_word' id='word_1_228' title='bbox 428 2694 538 2749; x_wconf 89' lang='lat' dir='ltr'><strong>quod</strong></span> <span class='ocrx_word' id='word_1_229' title='bbox 574 2694 615 2735; x_wconf 89' lang='lat' dir='ltr'><strong>hi</strong></span> <span class='ocrx_word' id='word_1_230' title='bbox 649 2710 790 2735; x_wconf 85' lang='lat' dir='ltr'><strong>omnes</strong></span> <span class='ocrx_word' id='word_1_231' title='bbox 824 2693 1108 2735; x_wconf 86' lang='lat' dir='ltr'><strong>tantummodo</strong></span> <span class='ocrx_word' id='word_1_232' title='bbox 1133 2693 1241 2735; x_wconf 85' lang='lat' dir='ltr'><strong>nuda</strong></span> <span class='ocrx_word' id='word_1_233' title='bbox 1262 2695 1428 2737; x_wconf 87' lang='lat' dir='ltr'><strong>consilia</strong></span> <span class='ocrx_word' id='word_1_234' title='bbox 1460 2701 1500 2738; x_wconf 86' lang='lat' dir='ltr'><strong>et</strong></span> <span class='ocrx_word' id='word_1_235' title='bbox 1529 2711 1650 2754; x_wconf 87' lang='lat' dir='ltr'><strong>prae-</strong></span> 
     </span>
    </p>
   </div>
   <div class='ocr_carea' id='block_1_3' title="bbox 358 2793 1444 2842">
    <p class='ocr_par' dir='ltr' id='par_1_4' title="bbox 358 2793 1444 2842">
     <span class='ocr_line' id='line_1_32' title="bbox 358 2793 1444 2842; baseline 0.006 -13"><span class='ocrx_word' id='word_1_236' title='bbox 358 2793 414 2842; x_wconf 89' lang='grc'><strong>(1)</strong></span> <span class='ocrx_word' id='word_1_237' title='bbox 441 2795 502 2832; x_wconf 78' lang='lat' dir='ltr'><strong>Ar.</strong></span> <span class='ocrx_word' id='word_1_238' title='bbox 530 2798 603 2842; x_wconf 78' lang='lat' dir='ltr'><strong>pol,</strong></span> <span class='ocrx_word' id='word_1_239' title='bbox 631 2798 686 2839; x_wconf 87' lang='lat' dir='ltr'><strong>lV,</strong></span> <span class='ocrx_word' id='word_1_240' title='bbox 712 2798 746 2840; x_wconf 85' lang='lat'><strong>9,</strong></span> <span class='ocrx_word' id='word_1_241' title='bbox 772 2797 808 2833; x_wconf 88' lang='grc'><strong>3.</strong></span> <span class='ocrx_word' id='word_1_242' title='bbox 837 2797 927 2836; x_wconf 82' lang='lat' dir='ltr'><strong>Plat,</strong></span> <span class='ocrx_word' id='word_1_243' title='bbox 956 2798 1000 2831; x_wconf 81' lang='lat' dir='ltr'><strong>de</strong></span> <span class='ocrx_word' id='word_1_244' title='bbox 1025 2809 1100 2842; x_wconf 79' lang='lat' dir='ltr'><strong>rep.</strong></span> <span class='ocrx_word' id='word_1_245' title='bbox 1127 2799 1215 2842; x_wconf 84' lang='lat' dir='ltr'><strong>vlll,</strong></span> <span class='ocrx_word' id='word_1_246' title='bbox 1242 2811 1276 2842; x_wconf 75' lang='lat'><strong>1».</strong></span> <span class='ocrx_word' id='word_1_247' title='bbox 1303 2799 1376 2834; x_wconf 82' lang='lat'><strong>564</strong></span> <span class='ocrx_word' id='word_1_248' title='bbox 1401 2801 1444 2835; x_wconf 76' lang='grc' dir='ltr'><strong>Ε.</strong></span> 
     </span>
    </p>
   </div>
  </div>
 </body>
</html>
