<?xml version="1.0" encoding="UTF-8"?>
<!DOCTYPE html PUBLIC "-//W3C//DTD XHTML 1.0 Transitional//EN"
    "http://www.w3.org/TR/xhtml1/DTD/xhtml1-transitional.dtd">
<html xmlns="http://www.w3.org/1999/xhtml" xml:lang="en" lang="en">
 <head>
  <title>
</title>
<meta http-equiv="Content-Type" content="text/html;charset=utf-8" />
  <meta name='ocr-system' content='tesseract 3.04.00' />
  <meta name='ocr-capabilities' content='ocr_page ocr_carea ocr_par ocr_line ocrx_word'/>
</head>
<body>
  <div class='ocr_page' id='page_1' title='image "4737182_0063.png"; bbox 0 0 1799 3104; ppageno 0'>
   <div class='ocr_carea' id='block_1_1' title="bbox 1533 264 1604 317">
    <p class='ocr_par' dir='ltr' id='par_1_1' title="bbox 1533 264 1604 317">
     <span class='ocr_line' id='line_1_1' title="bbox 1533 264 1604 317; baseline 0.014 -1"><span class='ocrx_word' id='word_1_1' title='bbox 1533 264 1604 317; x_wconf 81' lang='lat'>55</span> 
     </span>
    </p>
   </div>
   <div class='ocr_carea' id='block_1_2' title="bbox 216 404 1612 2339">
    <p class='ocr_par' dir='ltr' id='par_1_2' title="bbox 216 404 1612 2339">
     <span class='ocr_line' id='line_1_2' title="bbox 216 404 1606 456; baseline -0.003 -1"><span class='ocrx_word' id='word_1_2' title='bbox 216 406 482 456; x_wconf 79' lang='lat' dir='ltr'><strong>Aristotelem</strong></span> <span class='ocrx_word' id='word_1_3' title='bbox 522 406 737 451; x_wconf 84' lang='lat' dir='ltr'><strong>Platonem</strong></span> <span class='ocrx_word' id='word_1_4' title='bbox 785 418 868 447; x_wconf 93' lang='lat' dir='ltr'>non</span> <span class='ocrx_word' id='word_1_5' title='bbox 908 404 1190 448; x_wconf 78' lang='lat' dir='ltr'>intellexisse?</span> <span class='ocrx_word' id='word_1_6' title='bbox 1258 405 1494 450; x_wconf 83' lang='lat' dir='ltr'>Ridiculum</span> <span class='ocrx_word' id='word_1_7' title='bbox 1544 412 1606 451; x_wconf 92' lang='lat' dir='ltr'>cst</span> 
     </span>
     <span class='ocr_line' id='line_1_3' title="bbox 218 484 1604 545; baseline -0.001 -14"><span class='ocrx_word' id='word_1_8' title='bbox 218 490 342 532; x_wconf 91' lang='lat' dir='ltr'>dictu.</span> <span class='ocrx_word' id='word_1_9' title='bbox 407 485 516 536; x_wconf 84' lang='lat' dir='ltr'><strong>Quid</strong></span> <span class='ocrx_word' id='word_1_10' title='bbox 567 499 719 543; x_wconf 83' lang='lat' dir='ltr'>quaeso</span> <span class='ocrx_word' id='word_1_11' title='bbox 760 484 975 541; x_wconf 84' lang='lat' dir='ltr'>impedivit</span> <span class='ocrx_word' id='word_1_12' title='bbox 1007 499 1119 534; x_wconf 91' lang='lat' dir='ltr'>eum,</span> <span class='ocrx_word' id='word_1_13' title='bbox 1153 487 1371 542; x_wconf 88' lang='lat' dir='ltr'>quominus</span> <span class='ocrx_word' id='word_1_14' title='bbox 1407 502 1466 538; x_wconf 86' lang='lat' dir='ltr'>ea,</span> <span class='ocrx_word' id='word_1_15' title='bbox 1500 503 1604 545; x_wconf 86' lang='lat' dir='ltr'>quae</span> 
     </span>
     <span class='ocr_line' id='line_1_4' title="bbox 216 562 1603 615; baseline -0.001 -6"><span class='ocrx_word' id='word_1_16' title='bbox 216 568 294 611; x_wconf 87' lang='lat' dir='ltr'>nisi</span> <span class='ocrx_word' id='word_1_17' title='bbox 327 567 370 608; x_wconf 90' lang='lat' dir='ltr'>in</span> <span class='ocrx_word' id='word_1_18' title='bbox 401 570 642 608; x_wconf 84' lang='lat' dir='ltr'>transcursu</span> <span class='ocrx_word' id='word_1_19' title='bbox 681 578 766 606; x_wconf 92' lang='lat' dir='ltr'>non</span> <span class='ocrx_word' id='word_1_20' title='bbox 796 569 1107 615; x_wconf 86' lang='lat' dir='ltr'>commemoret,</span> <span class='ocrx_word' id='word_1_21' title='bbox 1144 562 1290 606; x_wconf 83' lang='lat' dir='ltr'>leviter</span> <span class='ocrx_word' id='word_1_22' title='bbox 1320 566 1603 608; x_wconf 89' lang='lat' dir='ltr'>tantummodo</span> 
     </span>
     <span class='ocr_line' id='line_1_5' title="bbox 218 636 1606 702; baseline -0.001 -14"><span class='ocrx_word' id='word_1_23' title='bbox 218 651 259 688; x_wconf 91' lang='lat' dir='ltr'>et</span> <span class='ocrx_word' id='word_1_24' title='bbox 282 644 415 688; x_wconf 88' lang='lat' dir='ltr'>obiter</span> <span class='ocrx_word' id='word_1_25' title='bbox 437 636 705 701; x_wconf 79' lang='lat' dir='ltr'>attingeret?</span> <span class='ocrx_word' id='word_1_26' title='bbox 766 642 860 685; x_wconf 91' lang='lat' dir='ltr'>Non</span> <span class='ocrx_word' id='word_1_27' title='bbox 906 644 1012 685; x_wconf 89' lang='lat' dir='ltr'>enim</span> <span class='ocrx_word' id='word_1_28' title='bbox 1060 644 1193 686; x_wconf 90' lang='lat' dir='ltr'>solum</span> <span class='ocrx_word' id='word_1_29' title='bbox 1226 645 1267 686; x_wconf 91' lang='lat' dir='ltr'>in</span> <span class='ocrx_word' id='word_1_30' title='bbox 1300 643 1364 685; x_wconf 92' lang='lat' dir='ltr'>his</span> <span class='ocrx_word' id='word_1_31' title='bbox 1398 643 1450 686; x_wconf 92' lang='lat' dir='ltr'>de</span> <span class='ocrx_word' id='word_1_32' title='bbox 1482 658 1606 702; x_wconf 88' lang='lat' dir='ltr'>repu-</span> 
     </span>
     <span class='ocr_line' id='line_1_6' title="bbox 216 721 1609 780; baseline -0.001 -13"><span class='ocrx_word' id='word_1_33' title='bbox 216 724 321 768; x_wconf 83' lang='lat' dir='ltr'>blica</span> <span class='ocrx_word' id='word_1_34' title='bbox 359 722 497 772; x_wconf 87' lang='lat' dir='ltr'>libris,</span> <span class='ocrx_word' id='word_1_35' title='bbox 538 721 612 764; x_wconf 88' lang='lat' dir='ltr'>sed</span> <span class='ocrx_word' id='word_1_36' title='bbox 651 722 693 763; x_wconf 90' lang='lat' dir='ltr'>in</span> <span class='ocrx_word' id='word_1_37' title='bbox 731 721 819 763; x_wconf 89' lang='lat' dir='ltr'>aliis</span> <span class='ocrx_word' id='word_1_38' title='bbox 863 737 1027 780; x_wconf 90' lang='lat' dir='ltr'>quoque</span> <span class='ocrx_word' id='word_1_39' title='bbox 1069 724 1231 780; x_wconf 88' lang='lat' dir='ltr'>scriptis</span> <span class='ocrx_word' id='word_1_40' title='bbox 1275 722 1522 766; x_wconf 79' lang='lat' dir='ltr'>Aristoteles</span> <span class='ocrx_word' id='word_1_41' title='bbox 1552 724 1609 765; x_wconf 88' lang='lat' dir='ltr'>ita</span> 
     </span>
     <span class='ocr_line' id='line_1_7' title="bbox 216 800 1607 862; baseline -0.001 -17"><span class='ocrx_word' id='word_1_42' title='bbox 216 800 484 862; x_wconf 83' lang='lat' dir='ltr'>reprehendit</span> <span class='ocrx_word' id='word_1_43' title='bbox 525 800 761 851; x_wconf 82' lang='lat' dir='ltr'>Platonem,</span> <span class='ocrx_word' id='word_1_44' title='bbox 805 805 853 843; x_wconf 91' lang='lat' dir='ltr'>ut</span> <span class='ocrx_word' id='word_1_45' title='bbox 884 801 1145 858; x_wconf 86' lang='lat' dir='ltr'>simpliciter,</span> <span class='ocrx_word' id='word_1_46' title='bbox 1181 801 1330 859; x_wconf 88' lang='lat' dir='ltr'>quibus</span> <span class='ocrx_word' id='word_1_47' title='bbox 1361 800 1485 844; x_wconf 82' lang='lat' dir='ltr'>rebus</span> <span class='ocrx_word' id='word_1_48' title='bbox 1517 804 1607 860; x_wconf 91' lang='lat' dir='ltr'>ipse</span> 
     </span>
     <span class='ocr_line' id='line_1_8' title="bbox 218 878 1608 938; baseline -0.002 -13"><span class='ocrx_word' id='word_1_49' title='bbox 218 881 433 925; x_wconf 81' lang='lat' dir='ltr'>dissentiat</span> <span class='ocrx_word' id='word_1_50' title='bbox 450 878 502 922; x_wconf 87' lang='lat' dir='ltr'>de</span> <span class='ocrx_word' id='word_1_51' title='bbox 535 880 622 922; x_wconf 92' lang='lat' dir='ltr'>eius</span> <span class='ocrx_word' id='word_1_52' title='bbox 654 881 899 938; x_wconf 78' lang='lat' dir='ltr'>praeceptis,</span> <span class='ocrx_word' id='word_1_53' title='bbox 931 878 1136 930; x_wconf 89' lang='lat' dir='ltr'>ostendat,</span> <span class='ocrx_word' id='word_1_54' title='bbox 1171 880 1318 931; x_wconf 78' lang='lat' dir='ltr'>causis,</span> <span class='ocrx_word' id='word_1_55' title='bbox 1353 879 1503 938; x_wconf 92' lang='lat' dir='ltr'>quibus</span> <span class='ocrx_word' id='word_1_56' title='bbox 1537 895 1608 938; x_wconf 92' lang='lat' dir='ltr'>ap-</span> 
     </span>
     <span class='ocr_line' id='line_1_9' title="bbox 219 957 1607 1019; baseline -0.001 -16"><span class='ocrx_word' id='word_1_57' title='bbox 219 965 381 1019; x_wconf 80' lang='lat' dir='ltr'>pareat,</span> <span class='ocrx_word' id='word_1_58' title='bbox 414 963 617 1017; x_wconf 89' lang='lat' dir='ltr'>quatenus</span> <span class='ocrx_word' id='word_1_59' title='bbox 650 958 718 1001; x_wconf 87' lang='lat' dir='ltr'>illa</span> <span class='ocrx_word' id='word_1_60' title='bbox 749 958 1016 1016; x_wconf 89' lang='lat' dir='ltr'>reprehensio</span> <span class='ocrx_word' id='word_1_61' title='bbox 1049 972 1192 1001; x_wconf 86' lang='lat' dir='ltr'>revera</span> <span class='ocrx_word' id='word_1_62' title='bbox 1225 960 1266 1001; x_wconf 91' lang='lat' dir='ltr'>in</span> <span class='ocrx_word' id='word_1_63' title='bbox 1294 957 1509 1002; x_wconf 72' lang='lat' dir='ltr'>Platonem</span> <span class='ocrx_word' id='word_1_64' title='bbox 1542 973 1607 1001; x_wconf 88' lang='lat' dir='ltr'>ca-</span> 
     </span>
     <span class='ocr_line' id='line_1_10' title="bbox 218 1027 1611 1096; baseline -0.001 -15"><span class='ocrx_word' id='word_1_65' title='bbox 218 1038 300 1090; x_wconf 89' lang='lat' dir='ltr'>dat,</span> <span class='ocrx_word' id='word_1_66' title='bbox 335 1036 503 1081; x_wconf 87' lang='lat' dir='ltr'>adiectis</span> <span class='ocrx_word' id='word_1_67' title='bbox 546 1027 711 1080; x_wconf 90' lang='lat' dir='ltr'>omnino</span> <span class='ocrx_word' id='word_1_68' title='bbox 754 1036 891 1079; x_wconf 78' lang='lat' dir='ltr'>nullis.</span> <span class='ocrx_word' id='word_1_69' title='bbox 954 1036 1116 1094; x_wconf 82' lang='lat' dir='ltr'>Ubique</span> <span class='ocrx_word' id='word_1_70' title='bbox 1155 1051 1238 1079; x_wconf 90' lang='lat' dir='ltr'>non</span> <span class='ocrx_word' id='word_1_71' title='bbox 1278 1038 1358 1079; x_wconf 91' lang='lat' dir='ltr'>nisi</span> <span class='ocrx_word' id='word_1_72' title='bbox 1398 1037 1611 1096; x_wconf 82' lang='lat' dir='ltr'>spectabat</span> 
     </span>
     <span class='ocr_line' id='line_1_11' title="bbox 217 1115 1606 1174; baseline -0.001 -14"><span class='ocrx_word' id='word_1_73' title='bbox 217 1132 315 1160; x_wconf 89' lang='lat' dir='ltr'>suae</span> <span class='ocrx_word' id='word_1_74' title='bbox 348 1125 388 1159; x_wconf 91' lang='lat' dir='ltr'>et</span> <span class='ocrx_word' id='word_1_75' title='bbox 418 1117 527 1159; x_wconf 88' lang='lat' dir='ltr'>illius</span> <span class='ocrx_word' id='word_1_76' title='bbox 546 1116 756 1159; x_wconf 86' lang='lat' dir='ltr'>doctrinae</span> <span class='ocrx_word' id='word_1_77' title='bbox 786 1116 1112 1174; x_wconf 87' lang='lat' dir='ltr'>oppositionem,</span> <span class='ocrx_word' id='word_1_78' title='bbox 1147 1130 1251 1173; x_wconf 90' lang='lat' dir='ltr'>quae</span> <span class='ocrx_word' id='word_1_79' title='bbox 1285 1122 1436 1173; x_wconf 88' lang='lat' dir='ltr'>quanta</span> <span class='ocrx_word' id='word_1_80' title='bbox 1465 1115 1606 1168; x_wconf 84' lang='lat' dir='ltr'>fuerit,</span> 
     </span>
     <span class='ocr_line' id='line_1_12' title="bbox 219 1194 1611 1256; baseline -0.001 -16"><span class='ocrx_word' id='word_1_81' title='bbox 219 1212 344 1256; x_wconf 84' lang='lat' dir='ltr'>supra</span> <span class='ocrx_word' id='word_1_82' title='bbox 391 1211 413 1239; x_wconf 92' lang='lat' dir='ltr'>a</span> <span class='ocrx_word' id='word_1_83' title='bbox 454 1196 574 1239; x_wconf 89' lang='lat' dir='ltr'>nobis</span> <span class='ocrx_word' id='word_1_84' title='bbox 618 1196 853 1254; x_wconf 83' lang='lat' dir='ltr'>expositum</span> <span class='ocrx_word' id='word_1_85' title='bbox 895 1200 969 1238; x_wconf 83' lang='lat' dir='ltr'>est.</span> <span class='ocrx_word' id='word_1_86' title='bbox 1043 1194 1330 1254; x_wconf 84' lang='lat' dir='ltr'>Reprehendit</span> <span class='ocrx_word' id='word_1_87' title='bbox 1360 1194 1611 1239; x_wconf 83' lang='lat' dir='ltr'>Aristoteles</span> 
     </span>
     <span class='ocr_line' id='line_1_13' title="bbox 216 1274 1608 1332; baseline 0 -15"><span class='ocrx_word' id='word_1_88' title='bbox 216 1275 454 1325; x_wconf 81' lang='lat' dir='ltr'>Platonem,</span> <span class='ocrx_word' id='word_1_89' title='bbox 497 1280 544 1316; x_wconf 87' lang='lat' dir='ltr'>ut</span> <span class='ocrx_word' id='word_1_90' title='bbox 575 1276 643 1331; x_wconf 90' lang='lat' dir='ltr'>qui</span> <span class='ocrx_word' id='word_1_91' title='bbox 674 1274 967 1332; x_wconf 88' lang='lat' dir='ltr'>rempublicam</span> <span class='ocrx_word' id='word_1_92' title='bbox 1003 1289 1056 1315; x_wconf 78' lang='lat' dir='ltr'>ex</span> <span class='ocrx_word' id='word_1_93' title='bbox 1089 1275 1199 1316; x_wconf 91' lang='lat' dir='ltr'>omni</span> <span class='ocrx_word' id='word_1_94' title='bbox 1228 1274 1425 1316; x_wconf 87' lang='lat' dir='ltr'>historiae</span> <span class='ocrx_word' id='word_1_95' title='bbox 1458 1280 1499 1316; x_wconf 90' lang='lat' dir='ltr'>et</span> <span class='ocrx_word' id='word_1_96' title='bbox 1530 1274 1608 1317; x_wconf 90' lang='lat' dir='ltr'>hu-</span> 
     </span>
     <span class='ocr_line' id='line_1_14' title="bbox 217 1351 1606 1410; baseline -0.001 -14"><span class='ocrx_word' id='word_1_97' title='bbox 217 1368 428 1396; x_wconf 87' lang='lat' dir='ltr'>manarum</span> <span class='ocrx_word' id='word_1_98' title='bbox 468 1368 604 1396; x_wconf 88' lang='lat' dir='ltr'>rerum</span> <span class='ocrx_word' id='word_1_99' title='bbox 655 1358 771 1395; x_wconf 92' lang='lat' dir='ltr'>motu</span> <span class='ocrx_word' id='word_1_100' title='bbox 821 1351 1023 1403; x_wconf 84' lang='lat' dir='ltr'>auferret,</span> <span class='ocrx_word' id='word_1_101' title='bbox 1066 1352 1177 1409; x_wconf 90' lang='lat' dir='ltr'>quod</span> <span class='ocrx_word' id='word_1_102' title='bbox 1225 1368 1344 1410; x_wconf 88' lang='lat' dir='ltr'>quam</span> <span class='ocrx_word' id='word_1_103' title='bbox 1401 1354 1606 1395; x_wconf 84' lang='lat' dir='ltr'>civitatem</span> 
     </span>
     <span class='ocr_line' id='line_1_15' title="bbox 217 1430 1607 1487; baseline -0.001 -13"><span class='ocrx_word' id='word_1_104' title='bbox 217 1431 334 1474; x_wconf 91' lang='lat' dir='ltr'>Plato</span> <span class='ocrx_word' id='word_1_105' title='bbox 364 1431 606 1482; x_wconf 88' lang='lat' dir='ltr'>condiderit,</span> <span class='ocrx_word' id='word_1_106' title='bbox 642 1446 688 1474; x_wconf 87' lang='lat' dir='ltr'>ea</span> <span class='ocrx_word' id='word_1_107' title='bbox 722 1436 880 1474; x_wconf 85' lang='lat' dir='ltr'>careret</span> <span class='ocrx_word' id='word_1_108' title='bbox 912 1432 1032 1473; x_wconf 87' lang='lat' dir='ltr'>certis</span> <span class='ocrx_word' id='word_1_109' title='bbox 1053 1430 1298 1487; x_wconf 86' lang='lat' dir='ltr'>quibusdam</span> <span class='ocrx_word' id='word_1_110' title='bbox 1328 1430 1607 1473; x_wconf 85' lang='lat' dir='ltr'>fundamentis</span> 
     </span>
     <span class='ocr_line' id='line_1_16' title="bbox 219 1508 1609 1568; baseline -0.001 -15"><span class='ocrx_word' id='word_1_111' title='bbox 219 1525 273 1554; x_wconf 76' lang='lat' dir='ltr'>ex</span> <span class='ocrx_word' id='word_1_112' title='bbox 304 1519 450 1555; x_wconf 88' lang='lat' dir='ltr'>natura</span> <span class='ocrx_word' id='word_1_113' title='bbox 475 1526 612 1554; x_wconf 85' lang='lat' dir='ltr'>rerum</span> <span class='ocrx_word' id='word_1_114' title='bbox 645 1512 801 1554; x_wconf 89' lang='lat' dir='ltr'>sumtis.</span> <span class='ocrx_word' id='word_1_115' title='bbox 865 1508 1210 1568; x_wconf 86' lang='lat' dir='ltr'>Reprehenditin</span> <span class='ocrx_word' id='word_1_116' title='bbox 1242 1509 1416 1553; x_wconf 87' lang='lat' dir='ltr'>Platone</span> <span class='ocrx_word' id='word_1_117' title='bbox 1443 1508 1609 1553; x_wconf 90' lang='lat' dir='ltr'>dicendi</span> 
     </span>
     <span class='ocr_line' id='line_1_17' title="bbox 219 1588 1607 1648; baseline -0.001 -17"><span class='ocrx_word' id='word_1_118' title='bbox 219 1588 425 1647; x_wconf 86' lang='lat' dir='ltr'>quoddam</span> <span class='ocrx_word' id='word_1_119' title='bbox 472 1592 602 1648; x_wconf 82' lang='lat' dir='ltr'>genus</span> <span class='ocrx_word' id='word_1_120' title='bbox 653 1590 876 1638; x_wconf 89' lang='lat' dir='ltr'>incertum,</span> <span class='ocrx_word' id='word_1_121' title='bbox 915 1603 996 1645; x_wconf 90' lang='lat' dir='ltr'>quo</span> <span class='ocrx_word' id='word_1_122' title='bbox 1039 1588 1228 1639; x_wconf 83' lang='lat' dir='ltr'>timebat,</span> <span class='ocrx_word' id='word_1_123' title='bbox 1269 1603 1321 1631; x_wconf 87' lang='lat' dir='ltr'>ne</span> <span class='ocrx_word' id='word_1_124' title='bbox 1362 1590 1607 1631; x_wconf 87' lang='lat' dir='ltr'>sententiam</span> 
     </span>
     <span class='ocr_line' id='line_1_18' title="bbox 219 1666 1607 1726; baseline -0.001 -15"><span class='ocrx_word' id='word_1_125' title='bbox 219 1683 332 1711; x_wconf 86' lang='lat' dir='ltr'>suam</span> <span class='ocrx_word' id='word_1_126' title='bbox 371 1667 636 1726; x_wconf 86' lang='lat' dir='ltr'>profiteretur</span> <span class='ocrx_word' id='word_1_127' title='bbox 662 1666 742 1723; x_wconf 87' lang='lat'>(1),</span> <span class='ocrx_word' id='word_1_128' title='bbox 776 1681 912 1724; x_wconf 88' lang='lat' dir='ltr'>neque</span> <span class='ocrx_word' id='word_1_129' title='bbox 944 1668 1109 1709; x_wconf 88' lang='lat' dir='ltr'>omnino</span> <span class='ocrx_word' id='word_1_130' title='bbox 1141 1667 1306 1709; x_wconf 84' lang='lat' dir='ltr'>volebat</span> <span class='ocrx_word' id='word_1_131' title='bbox 1336 1670 1607 1723; x_wconf 79' lang='grc' dir='ltr'><em>παραδείγμα-</em></span> 
     </span>
     <span class='ocr_line' id='line_1_19' title="bbox 217 1731 1610 1803; baseline -0.001 -15"><span class='ocrx_word' id='word_1_132' title='bbox 217 1762 282 1796; x_wconf 81' lang='grc' dir='ltr'>τος</span> <span class='ocrx_word' id='word_1_133' title='bbox 313 1746 424 1788; x_wconf 80' lang='grc' dir='ltr'><strong><em>ἕνεκα</em></strong></span> <span class='ocrx_word' id='word_1_134' title='bbox 453 1748 496 1789; x_wconf 91' lang='lat' dir='ltr'>in</span> <span class='ocrx_word' id='word_1_135' title='bbox 528 1731 652 1789; x_wconf 84' lang='lat' dir='ltr'>rebus</span> <span class='ocrx_word' id='word_1_136' title='bbox 682 1745 858 1803; x_wconf 90' lang='lat' dir='ltr'>politicis</span> <span class='ocrx_word' id='word_1_137' title='bbox 893 1744 1094 1802; x_wconf 87' lang='lat' dir='ltr'>disputari</span> <span class='ocrx_word' id='word_1_138' title='bbox 1112 1743 1204 1797; x_wconf 77' lang='lat'>(2);</span> <span class='ocrx_word' id='word_1_139' title='bbox 1254 1744 1329 1787; x_wconf 88' lang='lat' dir='ltr'>sed</span> <span class='ocrx_word' id='word_1_140' title='bbox 1359 1746 1496 1787; x_wconf 88' lang='lat' dir='ltr'>omnia</span> <span class='ocrx_word' id='word_1_141' title='bbox 1528 1750 1610 1786; x_wconf 89' lang='lat' dir='ltr'>sta-</span> 
     </span>
     <span class='ocr_line' id='line_1_20' title="bbox 218 1823 1611 1884; baseline -0.002 -16"><span class='ocrx_word' id='word_1_142' title='bbox 218 1827 300 1868; x_wconf 90' lang='lat' dir='ltr'>tuit</span> <span class='ocrx_word' id='word_1_143' title='bbox 330 1840 375 1868; x_wconf 89' lang='lat' dir='ltr'>re</span> <span class='ocrx_word' id='word_1_144' title='bbox 407 1827 497 1884; x_wconf 86' lang='lat' dir='ltr'>ipsa</span> <span class='ocrx_word' id='word_1_145' title='bbox 529 1823 833 1883; x_wconf 87' lang='lat' dir='ltr'>comprobanda</span> <span class='ocrx_word' id='word_1_146' title='bbox 864 1838 974 1874; x_wconf 82' lang='lat' dir='ltr'>esse,</span> <span class='ocrx_word' id='word_1_147' title='bbox 1018 1829 1059 1866; x_wconf 89' lang='lat' dir='ltr'>et</span> <span class='ocrx_word' id='word_1_148' title='bbox 1099 1825 1235 1866; x_wconf 86' lang='lat' dir='ltr'>omnia</span> <span class='ocrx_word' id='word_1_149' title='bbox 1274 1838 1380 1881; x_wconf 91' lang='lat' dir='ltr'>quae</span> <span class='ocrx_word' id='word_1_150' title='bbox 1418 1825 1611 1866; x_wconf 87' lang='lat' dir='ltr'>universe</span> 
     </span>
     <span class='ocr_line' id='line_1_21' title="bbox 221 1899 1609 1963; baseline -0.002 -17"><span class='ocrx_word' id='word_1_151' title='bbox 221 1902 553 1963; x_wconf 88' lang='lat' dir='ltr'>disputarentur,</span> <span class='ocrx_word' id='word_1_152' title='bbox 596 1903 648 1945; x_wconf 88' lang='lat' dir='ltr'>ad</span> <span class='ocrx_word' id='word_1_153' title='bbox 689 1902 849 1961; x_wconf 81' lang='lat' dir='ltr'>singula</span> <span class='ocrx_word' id='word_1_154' title='bbox 889 1899 1107 1944; x_wconf 87' lang='lat' dir='ltr'>referenda</span> <span class='ocrx_word' id='word_1_155' title='bbox 1133 1899 1212 1959; x_wconf 88' lang='lat'><strong>(3).</strong></span> <span class='ocrx_word' id='word_1_156' title='bbox 1286 1901 1428 1959; x_wconf 88' lang='lat' dir='ltr'>Itaque</span> <span class='ocrx_word' id='word_1_157' title='bbox 1465 1903 1507 1943; x_wconf 92' lang='lat' dir='ltr'>in</span> <span class='ocrx_word' id='word_1_158' title='bbox 1547 1903 1609 1951; x_wconf 89' lang='lat' dir='ltr'>iis,</span> 
     </span>
     <span class='ocr_line' id='line_1_22' title="bbox 221 1981 1611 2041; baseline -0.003 -15"><span class='ocrx_word' id='word_1_159' title='bbox 221 1998 325 2041; x_wconf 85' lang='lat' dir='ltr'>quae</span> <span class='ocrx_word' id='word_1_160' title='bbox 374 1983 425 2026; x_wconf 92' lang='lat' dir='ltr'>de</span> <span class='ocrx_word' id='word_1_161' title='bbox 478 1983 696 2026; x_wconf 89' lang='lat' dir='ltr'>mulierum</span> <span class='ocrx_word' id='word_1_162' title='bbox 743 1981 1050 2038; x_wconf 86' lang='lat' dir='ltr'>liberorumque</span> <span class='ocrx_word' id='word_1_163' title='bbox 1101 1982 1304 2023; x_wconf 90' lang='lat' dir='ltr'>communi</span> <span class='ocrx_word' id='word_1_164' title='bbox 1353 1981 1611 2039; x_wconf 89' lang='lat' dir='ltr'>possessioni</span> 
     </span>
     <span class='ocr_line' id='line_1_23' title="bbox 222 2057 1610 2116; baseline -0.002 -12"><span class='ocrx_word' id='word_1_165' title='bbox 222 2060 398 2113; x_wconf 88' lang='lat' dir='ltr'>disserit,</span> <span class='ocrx_word' id='word_1_166' title='bbox 430 2076 514 2104; x_wconf 91' lang='lat' dir='ltr'>non</span> <span class='ocrx_word' id='word_1_167' title='bbox 545 2060 586 2103; x_wconf 90' lang='lat' dir='ltr'>id</span> <span class='ocrx_word' id='word_1_168' title='bbox 612 2060 775 2103; x_wconf 88' lang='lat' dir='ltr'>Platoni</span> <span class='ocrx_word' id='word_1_169' title='bbox 803 2061 903 2102; x_wconf 86' lang='lat' dir='ltr'>vitio</span> <span class='ocrx_word' id='word_1_170' title='bbox 937 2060 1117 2109; x_wconf 86' lang='lat' dir='ltr'>verterit,</span> <span class='ocrx_word' id='word_1_171' title='bbox 1151 2057 1264 2116; x_wconf 89' lang='lat' dir='ltr'>quod</span> <span class='ocrx_word' id='word_1_172' title='bbox 1295 2057 1363 2100; x_wconf 86' lang='lat' dir='ltr'>ille</span> <span class='ocrx_word' id='word_1_173' title='bbox 1397 2073 1482 2100; x_wconf 91' lang='lat' dir='ltr'>non</span> <span class='ocrx_word' id='word_1_174' title='bbox 1516 2072 1610 2101; x_wconf 89' lang='lat' dir='ltr'>cau-</span> 
     </span>
     <span class='ocr_line' id='line_1_24' title="bbox 222 2129 1610 2195; baseline -0.005 -12"><span class='ocrx_word' id='word_1_175' title='bbox 222 2154 287 2182; x_wconf 87' lang='lat' dir='ltr'>sas</span> <span class='ocrx_word' id='word_1_176' title='bbox 317 2139 488 2183; x_wconf 89' lang='lat' dir='ltr'>idoneas</span> <span class='ocrx_word' id='word_1_177' title='bbox 513 2138 730 2188; x_wconf 87' lang='lat' dir='ltr'>addiderit,</span> <span class='ocrx_word' id='word_1_178' title='bbox 765 2129 914 2195; x_wconf 88' lang='lat' dir='ltr'>quibus</span> <span class='ocrx_word' id='word_1_179' title='bbox 941 2142 1166 2180; x_wconf 89' lang='lat' dir='ltr'>commotus</span> <span class='ocrx_word' id='word_1_180' title='bbox 1201 2137 1527 2178; x_wconf 88' lang='lat' dir='ltr'>communionem</span> <span class='ocrx_word' id='word_1_181' title='bbox 1561 2135 1610 2177; x_wconf 85' lang='lat' dir='ltr'>il-</span> 
     </span>
     <span class='ocr_line' id='line_1_25' title="bbox 220 2213 1611 2272; baseline -0.003 -13"><span class='ocrx_word' id='word_1_182' title='bbox 220 2217 300 2260; x_wconf 86' lang='lat' dir='ltr'>lam</span> <span class='ocrx_word' id='word_1_183' title='bbox 332 2218 492 2261; x_wconf 88' lang='lat' dir='ltr'>institui</span> <span class='ocrx_word' id='word_1_184' title='bbox 522 2216 633 2266; x_wconf 89' lang='lat' dir='ltr'>velit,</span> <span class='ocrx_word' id='word_1_185' title='bbox 665 2215 740 2258; x_wconf 90' lang='lat' dir='ltr'>sed</span> <span class='ocrx_word' id='word_1_186' title='bbox 769 2215 811 2257; x_wconf 93' lang='lat' dir='ltr'>id</span> <span class='ocrx_word' id='word_1_187' title='bbox 840 2221 999 2258; x_wconf 88' lang='lat' dir='ltr'>tantum</span> <span class='ocrx_word' id='word_1_188' title='bbox 1029 2214 1204 2272; x_wconf 88' lang='lat' dir='ltr'>probare</span> <span class='ocrx_word' id='word_1_189' title='bbox 1235 2213 1432 2264; x_wconf 83' lang='lat' dir='ltr'>voluerit,</span> <span class='ocrx_word' id='word_1_190' title='bbox 1481 2218 1611 2256; x_wconf 88' lang='lat' dir='ltr'>totam</span> 
     </span>
     <span class='ocr_line' id='line_1_26' title="bbox 221 2291 1612 2339; baseline -0.004 0"><span class='ocrx_word' id='word_1_191' title='bbox 221 2311 305 2338; x_wconf 87' lang='lat' dir='ltr'>rem</span> <span class='ocrx_word' id='word_1_192' title='bbox 338 2311 423 2339; x_wconf 90' lang='lat' dir='ltr'>non</span> <span class='ocrx_word' id='word_1_193' title='bbox 453 2310 542 2339; x_wconf 87' lang='lat' dir='ltr'>esse</span> <span class='ocrx_word' id='word_1_194' title='bbox 582 2299 752 2337; x_wconf 85' lang='lat' dir='ltr'>naturae</span> <span class='ocrx_word' id='word_1_195' title='bbox 793 2293 996 2336; x_wconf 87' lang='lat' dir='ltr'>humanae</span> <span class='ocrx_word' id='word_1_196' title='bbox 1035 2298 1363 2335; x_wconf 88' lang='lat' dir='ltr'>consentaneam.</span> <span class='ocrx_word' id='word_1_197' title='bbox 1428 2291 1612 2335; x_wconf 90' lang='lat' dir='ltr'>Absolu-</span> 
     </span>
    </p>
   </div>
   <div class='ocr_carea' id='block_1_3' title="bbox 222 2466 1615 2644">
    <p class='ocr_par' dir='ltr' id='par_1_3' title="bbox 222 2466 1611 2644">
     <span class='ocr_line' id='line_1_27' title="bbox 320 2466 1611 2525; baseline -0.005 -12"><span class='ocrx_word' id='word_1_198' title='bbox 320 2476 495 2525; x_wconf 79' lang='lat' dir='ltr'>(1)Plat.</span> <span class='ocrx_word' id='word_1_199' title='bbox 532 2479 575 2512; x_wconf 84' lang='lat' dir='ltr'>de</span> <span class='ocrx_word' id='word_1_200' title='bbox 610 2489 683 2521; x_wconf 78' lang='lat' dir='ltr'>rep.</span> <span class='ocrx_word' id='word_1_201' title='bbox 718 2477 757 2512; x_wconf 90' lang='lat' dir='ltr'>V.</span> <span class='ocrx_word' id='word_1_202' title='bbox 751 2501 772 2518; x_wconf 90' lang='lat'>.,</span> <span class='ocrx_word' id='word_1_203' title='bbox 807 2487 839 2518; x_wconf 81' lang='lat' dir='ltr'>p.</span> <span class='ocrx_word' id='word_1_204' title='bbox 867 2474 951 2513; x_wconf 83' lang='lat'>453.</span> <span class='ocrx_word' id='word_1_205' title='bbox 987 2475 1034 2511; x_wconf 90' lang='lat' dir='ltr'>D.</span> <span class='ocrx_word' id='word_1_206' title='bbox 1061 2487 1133 2514; x_wconf 72' lang='lat' dir='ltr'>,ow</span> <span class='ocrx_word' id='word_1_207' title='bbox 1166 2486 1203 2507; x_wconf 88' lang='grc' dir='ltr'>τε</span> <span class='ocrx_word' id='word_1_208' title='bbox 1231 2466 1287 2514; x_wconf 78' lang='grc' dir='ltr'>εἷς</span> <span class='ocrx_word' id='word_1_209' title='bbox 1319 2466 1611 2518; x_wconf 50' lang='grc' dir='ltr'>κολυμβήθραν</span> 
     </span>
     <span class='ocr_line' id='line_1_28' title="bbox 222 2526 1612 2585; baseline -0.005 -12"><span class='ocrx_word' id='word_1_210' title='bbox 222 2534 371 2585; x_wconf 67' lang='grc' dir='ltr'>μικράν</span> <span class='ocrx_word' id='word_1_211' title='bbox 404 2531 540 2582; x_wconf 73' lang='grc' dir='ltr'>ἕμπὲςῃ</span> <span class='ocrx_word' id='word_1_212' title='bbox 565 2526 654 2572; x_wconf 72' lang='grc' dir='ltr'><strong><em>οἷ”ντε</em></strong></span> <span class='ocrx_word' id='word_1_213' title='bbox 681 2535 738 2577; x_wconf 79' lang='grc' dir='ltr'>εἰς</span> <span class='ocrx_word' id='word_1_214' title='bbox 760 2531 801 2569; x_wconf 78' lang='grc' dir='ltr'>τό</span> <span class='ocrx_word' id='word_1_215' title='bbox 827 2528 1009 2579; x_wconf 75' lang='grc' dir='ltr'><em>μέγιςτον</em></span> <span class='ocrx_word' id='word_1_216' title='bbox 1040 2528 1211 2578; x_wconf 69' lang='grc' dir='ltr'>πελαγος</span> <span class='ocrx_word' id='word_1_217' title='bbox 1235 2528 1374 2575; x_wconf 79' lang='grc' dir='ltr'>μέσον</span> <span class='ocrx_word' id='word_1_218' title='bbox 1407 2546 1441 2576; x_wconf 75' lang='lat' dir='ltr'>p.</span> <span class='ocrx_word' id='word_1_219' title='bbox 1469 2533 1542 2566; x_wconf 71' lang='lat'>4⁸13</span> <span class='ocrx_word' id='word_1_220' title='bbox 1563 2534 1612 2571; x_wconf 87' lang='lat' dir='ltr'>D</span> 
     </span>
     <span class='ocr_line' id='line_1_29' title="bbox 321 2595 1615 2644; baseline -0.005 -11"><span class='ocrx_word' id='word_1_221' title='bbox 321 2597 381 2644; x_wconf 83' lang='lat'>(2)</span> <span class='ocrx_word' id='word_1_222' title='bbox 406 2601 497 2637; x_wconf 74' lang='lat' dir='ltr'>Plat</span> <span class='ocrx_word' id='word_1_223' title='bbox 524 2600 568 2632; x_wconf 83' lang='lat' dir='ltr'>de</span> <span class='ocrx_word' id='word_1_224' title='bbox 592 2610 666 2641; x_wconf 79' lang='lat' dir='ltr'>rep.</span> <span class='ocrx_word' id='word_1_225' title='bbox 693 2610 725 2639; x_wconf 82' lang='lat' dir='ltr'>p.</span> <span class='ocrx_word' id='word_1_226' title='bbox 749 2596 822 2630; x_wconf 74' lang='lat'>472</span> <span class='ocrx_word' id='word_1_227' title='bbox 847 2598 885 2633; x_wconf 90' lang='lat' dir='ltr'>C</span> <span class='ocrx_word' id='word_1_228' title='bbox 918 2597 1077 2629; x_wconf 85' lang='lat' dir='ltr'>Maxime</span> <span class='ocrx_word' id='word_1_229' title='bbox 1103 2606 1186 2627; x_wconf 82' lang='lat' dir='ltr'>vero</span> <span class='ocrx_word' id='word_1_230' title='bbox 1212 2596 1339 2626; x_wconf 81' lang='lat' dir='ltr'>reiecit</span> <span class='ocrx_word' id='word_1_231' title='bbox 1362 2595 1541 2626; x_wconf 72' lang='lat' dir='ltr'>rationem</span> <span class='ocrx_word' id='word_1_232' title='bbox 1568 2595 1615 2626; x_wconf 86' lang='lat' dir='ltr'>il-</span> 
     </span>
    </p>
   </div>
   <div class='ocr_carea' id='block_1_4' title="bbox 224 2655 1607 2701">
    <p class='ocr_par' dir='ltr' id='par_1_4' title="bbox 224 2655 1607 2701">
     <span class='ocr_line' id='line_1_30' title="bbox 224 2655 1607 2701; baseline -0.004 -10"><span class='ocrx_word' id='word_1_233' title='bbox 224 2658 297 2693; x_wconf 80' lang='lat' dir='ltr'>lam</span> <span class='ocrx_word' id='word_1_234' title='bbox 322 2661 366 2693; x_wconf 77' lang='lat' dir='ltr'>‹le</span> <span class='ocrx_word' id='word_1_235' title='bbox 399 2661 499 2694; x_wconf 86' lang='lat' dir='ltr'>hisce</span> <span class='ocrx_word' id='word_1_236' title='bbox 523 2660 630 2693; x_wconf 82' lang='lat' dir='ltr'>rebus</span> <span class='ocrx_word' id='word_1_237' title='bbox 657 2657 883 2701; x_wconf 78' lang='lat' dir='ltr'>disputandi,</span> <span class='ocrx_word' id='word_1_238' title='bbox 916 2667 1007 2700; x_wconf 84' lang='lat' dir='ltr'>quae</span> <span class='ocrx_word' id='word_1_239' title='bbox 1033 2657 1076 2688; x_wconf 85' lang='lat' dir='ltr'>iis</span> <span class='ocrx_word' id='word_1_240' title='bbox 1113 2655 1230 2688; x_wconf 79' lang='lat' dir='ltr'>verbis</span> <span class='ocrx_word' id='word_1_241' title='bbox 1257 2655 1488 2696; x_wconf 79' lang='lat' dir='ltr'>exprimitur,</span> <span class='ocrx_word' id='word_1_242' title='bbox 1515 2665 1607 2697; x_wconf 81' lang='lat' dir='ltr'>quae</span> 
     </span>
    </p>
   </div>
   <div class='ocr_carea' id='block_1_5' title="bbox 225 2719 793 2823">
    <p class='ocr_par' dir='ltr' id='par_1_5' title="bbox 225 2719 793 2823">
     <span class='ocr_line' id='line_1_31' title="bbox 225 2719 637 2763; baseline 0.01 -11"><span class='ocrx_word' id='word_1_243' title='bbox 225 2729 264 2760; x_wconf 75' lang='lat' dir='ltr'>p.</span> <span class='ocrx_word' id='word_1_244' title='bbox 288 2719 362 2754; x_wconf 73' lang='lat'>473</span> <span class='ocrx_word' id='word_1_245' title='bbox 385 2719 432 2758; x_wconf 75' lang='lat' dir='ltr'>A.</span> <span class='ocrx_word' id='word_1_246' title='bbox 457 2722 637 2763; x_wconf 78' lang='lat' dir='ltr'>leguntur.</span> 
     </span>
     <span class='ocr_line' id='line_1_32' title="bbox 324 2776 793 2823; baseline -0.002 -11"><span class='ocrx_word' id='word_1_247' title='bbox 324 2777 379 2823; x_wconf 84' lang='grc'>(3)</span> <span class='ocrx_word' id='word_1_248' title='bbox 406 2778 467 2817; x_wconf 80' lang='lat' dir='ltr'>Ar.</span> <span class='ocrx_word' id='word_1_249' title='bbox 495 2781 567 2823; x_wconf 72' lang='lat' dir='ltr'>pol.</span> <span class='ocrx_word' id='word_1_250' title='bbox 592 2780 669 2821; x_wconf 71' lang='lat' dir='ltr'>llL,</span> <span class='ocrx_word' id='word_1_251' title='bbox 696 2776 732 2820; x_wconf 88' lang='lat'>5,</span> <span class='ocrx_word' id='word_1_252' title='bbox 758 2776 793 2811; x_wconf 80' lang='grc'>4.</span> 
     </span>
    </p>
   </div>
  </div>
 </body>
</html>
