1799 3104
1458 280 1528 331 39

455 751 731 812 PARS
768 753 1215 813 ALTERA.

205 912 276 956 DE
317 911 628 956 REPUBLICA
664 910 1046 957 ARISTOTELIA
1088 910 1321 962 E1USQUE
1355 910 1468 955 CUM

468 995 789 1042 PLATONICA
822 995 1202 1042 COMPARATIO.

143 1250 193 1293 A.
243 1250 623 1308 Argumentum
654 1250 972 1293 Aristotelis
1005 1250 1261 1293 librorum
1287 1252 1375 1307 qui
1408 1260 1531 1293 sunt

654 1328 713 1370 de
758 1328 1016 1386 politicis.

265 1437 349 1479 lam
398 1438 608 1479 notionem
655 1436 905 1494 reipublicae
952 1437 1188 1480 Platonicae
1245 1436 1441 1479 exhibere
1488 1442 1528 1479 et

145 1514 384 1565 ostendere,
435 1516 476 1557 in
522 1514 609 1566 illa,
660 1529 780 1572 quam
819 1514 937 1557 Plato
976 1517 1216 1573 proposuit,
1253 1515 1444 1573 politicae
1489 1523 1530 1558 et

145 1593 302 1636 ethicae
333 1592 517 1651 perfecta
545 1592 760 1635 ldentitate
791 1607 928 1635 veram
952 1591 1202 1636 Graecorum
1238 1592 1419 1636 indolem
1452 1595 1528 1636 niti

144 1673 278 1713 conati
312 1686 466 1714 sumus.
528 1670 646 1713 Plato
690 1672 797 1712 enim
827 1672 983 1727 poscit,
1032 1677 1080 1713 ut
1111 1670 1366 1729 singulorum
1396 1671 1528 1714 homi-

142 1763 240 1791 num
274 1753 419 1792 natura
450 1751 493 1791 in
509 1750 684 1791 civitatis
708 1753 855 1791 natura
885 1748 1007 1808 plane
1040 1763 1129 1792 sese
1160 1749 1290 1800 tollat,
1324 1748 1437 1807 quod
1470 1763 1531 1800 ea,

143 1842 263 1884 quam
293 1829 337 1870 in
367 1829 530 1870 civitate
563 1826 703 1886 effingi
734 1827 824 1869 vult
855 1827 1044 1870 absoluta
1074 1827 1260 1879 Unitate,
1293 1827 1436 1885 perfici
1468 1827 1531 1870 di-

144 1907 208 1947 cit.
272 1905 341 1948 Ad
371 1905 477 1948 hanc
508 1907 633 1964 igitur
665 1907 838 1948 civitatis
873 1907 1083 1948 notionem
1124 1905 1374 1963 reipublicae
1413 1908 1532 1949 insti-

142 1984 344 2025 tutionem
374 1983 506 2042 redigi
547 1989 739 2041 oportere
779 1982 1003 2026 confirmat.
1079 1982 1223 2041 Neque
1263 1998 1361 2026 vero
1395 1985 1530 2026 consi-

144 2059 377 2112 deraverat,
427 2062 637 2105 hominum
687 2063 851 2120 ingenia
897 2063 975 2104 etsi
1018 2062 1087 2104 illo
1128 2068 1314 2119 tempore
1353 2064 1530 2105 maxime

143 2138 376 2196 depravata,
411 2154 460 2181 eo
491 2145 628 2182 tamen
662 2141 913 2199 pervenisse,
947 2144 994 2182 ut
1022 2139 1250 2198 intelligere
1280 2141 1527 2197 coepissent,

142 2217 221 2259 nisi
250 2218 373 2260 unius
404 2216 582 2260 hominis
613 2217 761 2275 agendi
799 2217 987 2260 libertate
1025 2219 1241 2260 universae
1278 2217 1529 2274 reipublicae

143 2308 279 2337 veram
326 2294 556 2339 libertatem
614 2300 655 2337 et
711 2293 946 2338 felicitatem
1003 2297 1204 2337 exsistere
1256 2310 1341 2337 non
1389 2310 1528 2354 posse.

143 2370 278 2422 Quare
307 2389 360 2417 ne
394 2376 437 2418 in
467 2372 651 2432 perfecta
681 2373 750 2417 ina
779 2374 943 2432 quidem
975 2389 1122 2417 mor-un
1152 2381 1194 2417 et
1222 2375 1397 2417 civitatis
1413 2377 1527 2432 prin-

143 2450 236 2508 cipii
266 2450 486 2496 Identitate
518 2453 721 2511 acquiesci
751 2458 926 2512 poterat.
990 2452 1076 2496 Sed
1108 2467 1212 2512 quae
1239 2458 1303 2497 est
1318 2452 1529 2496 hominum

142 2530 321 2575 conditio
352 2533 550 2590 postulat,
583 2538 631 2576 ut
663 2538 835 2576 externa
865 2534 1039 2576 civitatis
1071 2532 1244 2576 felicitas
1272 2538 1312 2574 et
1338 2538 1384 2574 ut
1415 2532 1527 2588 leges

141 2605 193 2649 ad
225 2614 434 2653 externam
468 2610 678 2654 hominum
719 2609 994 2653 conditionem
1038 2615 1269 2668 spectantes
1303 2623 1423 2667 quam
1456 2607 1526 2653 fir-

140 2686 318 2730 missime
361 2691 607 2734 constitutae
651 2691 746 2732 sint.
810 2687 912 2730 Nam
943 2688 1059 2730 aliter
1090 2689 1244 2738 virtus,
1280 2702 1362 2745 qua
1392 2689 1527 2745 posita

140 2767 203 2805 est
231 2777 326 2809 vera
359 2766 570 2813 hominum
606 2772 646 2811 et
663 2768 836 2812 civitatis
853 2765 1081 2817 beatitudo,
1126 2767 1310 2811 exerceri
1336 2774 1525 2826 nequeat.
