1799 3104
535 548 1080 610 THESES.

148 766 156 776 .
237 730 344 775 Tres
385 715 589 782 rationes,
629 745 729 789 quas
769 730 1016 774 Aristoteles
1056 732 1097 774 in
1138 729 1242 774 libro
1284 730 1417 789 primo
1454 728 1506 772 de

238 827 449 885 republica
476 826 648 870 familias
681 830 890 872 continere
910 827 1021 879 dicit,
1055 843 1145 871 cum
1175 827 1505 870 institutionibus

237 923 487 984 reipublicae
519 924 571 968 ad
602 939 734 969 assem
767 931 1010 985 congruunt.

150 1057 159 1066 .
237 1022 510 1066 Institutionis
549 1022 858 1080 philosophicae
896 1021 1010 1065 haud
1047 1021 1257 1065 commode
1288 1021 1338 1065 ab
1375 1021 1507 1066 histo-

239 1121 300 1162 ria
330 1118 618 1178 philosophiae
647 1120 807 1161 initium
838 1117 941 1161 fieri.

151 1251 159 1262 .
239 1216 429 1275 Quinque
462 1218 658 1268 virtutes,
704 1231 808 1275 quae
852 1216 902 1260 ab
934 1215 1159 1259 Aristotele
1201 1218 1244 1259 in
1282 1216 1401 1259 ethic.
1434 1215 1507 1259 Ni-

241 1328 341 1357 com.
389 1314 415 1357 l.
456 1312 549 1366 Vl.‚
592 1328 624 1357 c.
666 1313 734 1357 111.
782 1328 869 1371 sqq.
905 1313 968 1357 ed.
1011 1313 1209 1357 Michelet
1257 1312 1510 1357 definiuntur

240 1412 492 1466 διανοητικαί,
521 1410 642 1453 simili
674 1396 818 1452 ordine
850 1415 891 1452 et
919 1411 1091 1461 ratione,
1128 1424 1174 1452 ac
1207 1412 1387 1468 quinque
1415 1425 1508 1469 gra-

242 1507 319 1550 dus
351 1507 565 1558 bonorum,
600 1521 702 1564 quos
733 1506 851 1549 Plato
881 1507 924 1548 in
956 1505 1129 1549 Philebo
1153 1508 1394 1566 proposuit,
1433 1522 1508 1549 ex-

242 1604 391 1648 hibitas
422 1619 511 1647 esse
542 1604 745 1647 existimo.

156 1738 164 1746 .
241 1702 393 1761 Legem
426 1701 602 1746 Salicam
640 1708 734 1745 ante
787 1700 1038 1745 Clodoveum
1080 1716 1218 1761 regem
1259 1700 1512 1745 Francorum

244 1801 505 1843 constitutam
530 1813 633 1842 esse.

158 1932 166 1940 .
245 1896 348 1940 Octo
390 1898 513 1954 primi
549 1911 718 1947 versus,
761 1897 832 1953 qui
861 1897 903 1938 in
926 1895 1071 1938 Horat.
1103 1897 1213 1938 satir.
1243 1893 1298 1939 X.
1329 1896 1355 1938 l.
1391 1896 1419 1938 l.
1455 1896 1514 1938 le-

246 2000 412 2054 guntur,
444 1994 616 2037 Horatio
650 1993 873 2037 abiudicari
905 1999 1129 2052 nequeunt.

160 2126 167 2135 .
245 2091 478 2135 Platonicas
518 2106 618 2149 quas
650 2106 784 2150 nuper
815 2090 1048 2134 introduxit
1076 2092 1137 2133 vir
1168 2089 1332 2147 quidam
1367 2088 1514 2134 doctus

250 2189 474 2247 categorias
506 2187 639 2230 nullas
664 2203 766 2230 esse.

652 2414 993 2438 m
