1799 3104
1523 249 1589 298 29

212 400 326 459 quasi
357 399 445 455 ipsa
487 397 623 440 divina
662 402 800 439 mente
836 401 1064 454 patrentur.
1137 392 1280 451 Neque
1321 405 1457 436 tamen
1490 391 1593 435 adeo

210 480 311 523 mira
343 478 589 529 enuntiavit,
632 490 737 537 quae
777 477 938 534 possint
975 474 1025 517 ab
1067 473 1245 515 humana
1284 478 1419 516 mente
1461 472 1593 515 aliena

211 556 301 598 dici.
363 556 489 599 Immo
519 571 604 599 non
634 554 779 606 1n0d0,
828 569 931 612 quae
975 555 1017 596 in
1061 552 1274 602 omnibus,
1313 553 1432 594 etiam
1462 552 1593 593 nostri

208 636 403 694 temporis
437 635 680 686 civitatibus,
711 635 963 686 necessari-213
993 632 1067 675 sed
1084 631 1196 690 quod
1215 630 1381 690 quidem
1411 632 1591 673 omnium

207 714 329 773 longe-
359 716 656 774 gravissimum,
688 716 777 772 ipso
811 728 885 757 suo
906 714 1109 772 principio
1129 712 1312 755 universi
1342 709 1593 753 Graecorum

209 795 380 851 ingenii,
422 799 508 836 tum
538 792 649 851 quod
687 793 826 836 literas
860 792 909 835 ab
943 794 992 834 iis
1029 792 1234 842 excultas,
1269 798 1355 833 tum
1389 789 1501 847 quod
1524 804 1590 831 res

209 878 344 929 gestas
394 874 562 922 attinet,
620 876 847 913 accuratam
901 872 1117 927 imaginem
1171 868 1290 911 nobis
1346 868 1588 910 delineavit:

209 964 366 991 summa
399 949 573 1006 denique
604 949 790 1006 quadam,
825 964 928 1007 quae
954 948 1032 990 Dei
1065 947 1372 990 similitudinem
1403 948 1590 1005 spiraret,

208 1027 300 1069 idea
329 1029 386 1077 ei,
430 1041 533 1084 quae
573 1033 659 1069 tum
700 1029 896 1084 temporis
936 1027 1144 1078 exstabat,
1188 1042 1370 1078 morum,
1416 1027 1589 1068 civitatis

208 1106 438 1155 literarum,
481 1106 737 1162 ingeniorum
778 1105 975 1162 perniciei
1006 1107 1215 1162 opposita,
1256 1106 1387 1147 voluit
1417 1107 1590 1162 patriam

209 1198 337 1234 suam,
372 1185 575 1226 civitatem
606 1182 936 1233 Atheniensium,
971 1182 1101 1224 voluit
1138 1189 1266 1225 totam
1298 1183 1508 1226 Graeciam
1539 1182 1592 1224 ad

209 1267 388 1305 veterem
427 1262 703 1305 sinceritatem
743 1267 864 1319 atque
894 1263 1188 1319 ingenuitatem
1229 1260 1427 1319 redigere.
1491 1260 1589 1303 Ete-

208 1343 291 1383 nim
324 1340 435 1399 quod
464 1330 584 1384 Plato
618 1341 675 1382 ait
707 1342 843 1382 omnia
872 1339 963 1382 fieri
995 1339 1144 1382 debere
1183 1355 1259 1397 pro
1300 1341 1493 1382 universa
1529 1355 1592 1381 sa-

207 1419 293 1461 lute
326 1418 527 1476 augenda,
561 1418 673 1476 quod
703 1420 739 1459 ei
772 1417 817 1460 τὸ
848 1415 976 1460 κοινόν
995 1417 1056 1475 (1)
1100 1418 1249 1460 dicitur
1282 1424 1323 1460 et
1353 1418 1465 1475 quod
1495 1418 1592 1461 Ari-

208 1498 376 1541 stoteles
424 1497 578 1555 ubique
624 1496 864 1555 profitetur,
921 1497 962 1539 τὸ
1017 1495 1108 1539 ὅλον
1155 1502 1224 1539 τοῦ
1263 1495 1429 1539 ἑκάστου
1476 1500 1591 1555 prius

208 1590 297 1618 esse
315 1575 398 1632 (2),
428 1575 471 1616 id
504 1574 667 1617 Graecis
697 1576 739 1615 in
768 1576 910 1616 intimo
944 1576 1077 1616 animo
1098 1575 1294 1617 divinitus
1324 1578 1440 1633 quasi
1474 1577 1590 1617 inna-

207 1661 293 1697 tum
344 1659 429 1697 erat
459 1650 534 1711 (3).
613 1652 673 1697 Eo
723 1658 909 1696 constare
959 1653 1048 1696 dico
1095 1655 1287 1697 virtutem
1327 1653 1588 1706 Graecorum,

209 1794 286 1850 φὶᾳ
311 1808 345 1834 et
372 1790 604 1848 φιλομαὲἱᾳ
639 1800 842 1843 praeditos?
882 1799 942 1844 (cs.
972 1802 1062 1838 Plat,
1090 1803 1116 1835 Ι.
1144 1803 1260 1835 Alcib.
1289 1813 1321 1844 p.
1351 1802 1421 1835 123
1449 1803 1492 1845 D,
1520 1814 1590 1836 ma-

207 1865 303 1896 xime
329 1873 411 1895 vero
438 1863 543 1903 Legg.
580 1863 610 1894 1.
637 1874 668 1905 p¹
697 1862 769 1894 626
795 1863 841 1904 Ι),
878 1863 987 1895 Lach.
1023 1875 1055 1905 p.
1098 1862 1168 1895 183
1193 1862 1239 1896 A.
1275 1864 1338 1896 en.
1367 1865 1473 1905 Legg.
1502 1865 1529 1896 1.
1559 1877 1589 1906 p.

207 1923 278 1956 642
305 1925 340 1960 C,
370 1940 412 1947 -—
440 1922 582 1959 Aristot.
618 1924 689 1965 pol.
724 1924 806 1964 VII,
842 1923 876 1966 6,
905 1924 938 1958 1.
974 1925 1030 1955 ecl.
1067 1922 1285 1967 Schneider3
1322 1925 1383 1960 cll.
1421 1926 1449 1956 Ι.
1487 1926 1519 1966 l,
1555 1925 1592 1960 5.

208 1986 298 2017 Plat.
325 1986 368 2017 (le
394 1996 467 2027 rep,
496 1985 535 2026 V,
562 1996 596 2027 p.
622 1983 832 2017 469—471
870 1981 928 2028 C),
990 1985 1089 2017 Haec
1128 1991 1178 2016 est
1214 1987 1326 2016 virtus
1360 1986 1590 2028 Graecorum,

206 2057 314 2087 quam
329 2046 428 2077 Plato
443 2046 638 2087 descripsit,
665 2046 859 2086 Leonidae,
885 2046 1062 2086 Aristidis,
1091 2047 1262 2086 Cimonis,
1290 2045 1464 2087 Socratis,
1500 2048 1589 2078 alio-

205 2116 282 2137 rum
308 2107 369 2147 qui
404 2105 597 2146 singularia
638 2111 903 2138 contemnentes
938 2107 975 2137 in
1011 2107 1175 2138 universa
1208 2107 1323 2138 salute
1358 2108 1520 2147 augenda
1557 2114 1589 2139 et

205 2167 376 2198 servanda
403 2168 522 2198 omnia
548 2167 786 2209 collocabant,
812 2169 872 2209 qui
901 2168 954 2199 sni
982 2168 1138 2209 ipsorum
1170 2173 1360 2208 contemtu,
1391 2169 1527 2199 virtutis
1555 2173 1590 2200 et

204 2228 479 2259 immortalitatis
505 2228 618 2268 gloria
643 2228 826 2269 flagrantes
851 2233 1001 2259 mortem
1027 2228 1251 2269 oppetebant,

303 2287 357 2331 (l)
385 2289 430 2324 (τί.
458 2289 563 2329 Legg.
599 2289 656 2330 IV,
683 2299 717 2330 p.
746 2287 816 2321 715
843 2289 886 2319 C:
924 2288 967 2319 (le
986 2298 1058 2329 rep.
1096 2288 1153 2329 lv,
1188 2299 1220 2329 p.
1256 2287 1329 2320 420
1363 2289 1489 2329 13-133
1518 2288 1589 2323 421

203 2350 329 2388 A-C;
366 2350 422 2391 vl,
450 2360 482 2390 p.
518 2348 588 2381 497
614 2348 657 2384 A.
693 2349 736 2380 ef.
763 2348 850 2382 Plat,
884 2348 928 2379 «le
967 2358 1039 2389 rep,
1077 2348 1113 2388 V,
1141 2360 1174 2389 p.
1210 2348 1282 2381 4⁴9
1309 2350 1345 2380 C.
1382 2351 1443 2385 cll.
1482 2349 1589 2387 Arist,

205 2410 276 2450 pol.
304 2409 344 2444 11,
373 2408 407 2451 2,
434 2409 469 2445 4.
497 2410 567 2441 eth.
592 2409 672 2443 Nic.
700 2409 787 2449 vlu,
815 2409 848 2449 9,
876 2408 966 2442 Plat.
997 2408 1100 2449 Legg.
1130 2410 1167 2450 V,
1196 2420 1226 2450 p,
1256 2408 1326 2442 739
1354 2411 1392 2445 C,

302 2468 356 2512 (2)
383 2468 491 2506 Arist,
518 2471 588 2511 pol.
615 2471 642 2504 l.
671 2470 702 2511 1,
730 2469 786 2505 11.

304 2528 359 2573 (3)
386 2531 440 2561 De
466 2532 531 2563 hae
560 2531 776 2563 Graecorum
803 2530 1020 2561 conscientia
1046 2531 1342 2576 Tremlelenbnrg
1370 2533 1411 2563 «le
1428 2533 1477 2563 Pl.
1508 2533 1588 2563 Phi-

206 2590 461 2632 1et›.‚consilio
488 2603 520 2633 p.
550 2592 596 2624 18
621 2592 659 2623 in
686 2596 792 2623 amut.
821 2591 872 2621 sic
899 2591 1072 2633 disputat:
1102 2593 1237 2633 „ldeae,
1264 2593 1427 2634 qouniam
1456 2593 1589 2626 formae

205 2656 287 2682 sunt
312 2662 332 2682 a
358 2658 477 2684 mente
502 2653 635 2684 artifice
670 2657 869 2692 susceptae,
906 2657 937 2682 et
968 2653 1040 2683 sere
1068 2654 1228 2683 notiones
1255 2654 1293 2683 iu
1320 2654 1475 2695 speeies,
1503 2666 1589 2695 quas

204 2709 375 2743 intuearis
411 2721 619 2746 conversae}
656 2713 811 2745 Graecae
844 2712 1092 2755 philosophiae
1127 2714 1306 2755 proprium
1342 2714 1465 2746 florem
1499 2717 1588 2747 rese-

203 2775 307 2808 rum3
335 2773 462 2807 Graeci
480 2776 576 2808 enim
612 2775 673 2816 qui
708 2775 746 2807 in
773 2773 1012 2815 pulcherrimo
1046 2786 1188 2817 quoque
1214 2776 1447 2819 adspiciendo
1474 2778 1588 2808 laetae
