<?xml version="1.0" encoding="UTF-8"?>
<!DOCTYPE html PUBLIC "-//W3C//DTD XHTML 1.0 Transitional//EN"
    "http://www.w3.org/TR/xhtml1/DTD/xhtml1-transitional.dtd">
<html xmlns="http://www.w3.org/1999/xhtml" xml:lang="en" lang="en">
 <head>
  <title>
</title>
<meta http-equiv="Content-Type" content="text/html;charset=utf-8" />
  <meta name='ocr-system' content='tesseract 3.04.00' />
  <meta name='ocr-capabilities' content='ocr_page ocr_carea ocr_par ocr_line ocrx_word'/>
</head>
<body>
  <div class='ocr_page' id='page_1' title='image "4737182_0015.png"; bbox 0 0 1799 3104; ppageno 0'>
   <div class='ocr_carea' id='block_1_1' title="bbox 1575 252 1610 301">
    <p class='ocr_par' dir='ltr' id='par_1_1' title="bbox 1575 252 1610 301">
     <span class='ocr_line' id='line_1_1' title="bbox 1575 252 1610 301; baseline 0 0"><span class='ocrx_word' id='word_1_1' title='bbox 1575 252 1610 301; x_wconf 72' lang='lat'>⁷</span> 
     </span>
    </p>
   </div>
   <div class='ocr_carea' id='block_1_2' title="bbox 222 391 1612 606">
    <p class='ocr_par' dir='ltr' id='par_1_2' title="bbox 222 391 1612 606">
     <span class='ocr_line' id='line_1_2' title="bbox 223 391 1612 451; baseline -0.001 -16"><span class='ocrx_word' id='word_1_2' title='bbox 223 394 441 450; x_wconf 83' lang='lat' dir='ltr'><strong>utriusque</strong></span> <span class='ocrx_word' id='word_1_3' title='bbox 479 392 728 451; x_wconf 88' lang='lat' dir='ltr'><strong>reipublicae</strong></span> <span class='ocrx_word' id='word_1_4' title='bbox 761 391 1050 436; x_wconf 85' lang='lat' dir='ltr'><strong>adumbremus</strong></span> <span class='ocrx_word' id='word_1_5' title='bbox 1098 397 1220 450; x_wconf 87' lang='lat' dir='ltr'><strong>atque</strong></span> <span class='ocrx_word' id='word_1_6' title='bbox 1252 392 1457 450; x_wconf 84' lang='lat' dir='ltr'><strong>explicare</strong></span> <span class='ocrx_word' id='word_1_7' title='bbox 1490 405 1612 434; x_wconf 90' lang='lat' dir='ltr'><strong>cone-</strong></span> 
     </span>
     <span class='ocr_line' id='line_1_3' title="bbox 222 469 1611 530; baseline 0 -17"><span class='ocrx_word' id='word_1_8' title='bbox 222 486 334 522; x_wconf 84' lang='lat' dir='ltr'><strong>mur,</strong></span> <span class='ocrx_word' id='word_1_9' title='bbox 378 471 489 528; x_wconf 88' lang='lat' dir='ltr'><strong>quod</strong></span> <span class='ocrx_word' id='word_1_10' title='bbox 524 473 689 528; x_wconf 87' lang='lat' dir='ltr'><strong>utrique</strong></span> <span class='ocrx_word' id='word_1_11' title='bbox 729 472 771 512; x_wconf 91' lang='lat' dir='ltr'><strong>in</strong></span> <span class='ocrx_word' id='word_1_12' title='bbox 809 471 1020 528; x_wconf 83' lang='lat' dir='ltr'><strong>republica</strong></span> <span class='ocrx_word' id='word_1_13' title='bbox 1064 485 1139 513; x_wconf 87' lang='lat' dir='ltr'><strong>sua</strong></span> <span class='ocrx_word' id='word_1_14' title='bbox 1180 469 1393 513; x_wconf 88' lang='lat' dir='ltr'><strong>condenda</strong></span> <span class='ocrx_word' id='word_1_15' title='bbox 1419 474 1611 530; x_wconf 89' lang='lat' dir='ltr'><strong>proposi-</strong></span> 
     </span>
     <span class='ocr_line' id='line_1_4' title="bbox 223 548 1608 606; baseline -0.001 -15"><span class='ocrx_word' id='word_1_16' title='bbox 223 554 309 591; x_wconf 89' lang='lat' dir='ltr'><strong>tum</strong></span> <span class='ocrx_word' id='word_1_17' title='bbox 341 548 487 601; x_wconf 81' lang='lat' dir='ltr'><strong>fuerit3</strong></span> <span class='ocrx_word' id='word_1_18' title='bbox 521 549 670 592; x_wconf 90' lang='lat' dir='ltr'><strong>deinde</strong></span> <span class='ocrx_word' id='word_1_19' title='bbox 694 549 842 606; x_wconf 89' lang='lat' dir='ltr'><strong>quibus</strong></span> <span class='ocrx_word' id='word_1_20' title='bbox 859 551 902 592; x_wconf 88' lang='lat' dir='ltr'><strong>in</strong></span> <span class='ocrx_word' id='word_1_21' title='bbox 931 549 1057 592; x_wconf 92' lang='lat' dir='ltr'><strong>rebus</strong></span> <span class='ocrx_word' id='word_1_22' title='bbox 1075 549 1194 591; x_wconf 89' lang='lat' dir='ltr'><strong>Plato</strong></span> <span class='ocrx_word' id='word_1_23' title='bbox 1214 554 1255 591; x_wconf 89' lang='lat' dir='ltr'><strong>et</strong></span> <span class='ocrx_word' id='word_1_24' title='bbox 1273 548 1521 591; x_wconf 90' lang='lat' dir='ltr'><strong>Aristoteles</strong></span> <span class='ocrx_word' id='word_1_25' title='bbox 1554 552 1608 591; x_wconf 88' lang='lat' dir='ltr'><strong>si-</strong></span> 
     </span>
    </p>
   </div>
   <div class='ocr_carea' id='block_1_3' title="bbox 218 626 1613 748">
    <p class='ocr_par' dir='ltr' id='par_1_3' title="bbox 218 626 1613 748">
     <span class='ocr_line' id='line_1_5' title="bbox 219 626 1613 685; baseline 0 -17"><span class='ocrx_word' id='word_1_26' title='bbox 219 626 306 668; x_wconf 86' lang='lat' dir='ltr'><strong>mili</strong></span> <span class='ocrx_word' id='word_1_27' title='bbox 334 627 455 670; x_wconf 92' lang='lat' dir='ltr'><strong>modo</strong></span> <span class='ocrx_word' id='word_1_28' title='bbox 489 628 693 670; x_wconf 81' lang='lat' dir='ltr'>senserint</span> <span class='ocrx_word' id='word_1_29' title='bbox 725 632 766 670; x_wconf 90' lang='lat' dir='ltr'><strong>et</strong></span> <span class='ocrx_word' id='word_1_30' title='bbox 788 627 935 685; x_wconf 90' lang='lat' dir='ltr'><strong>quibus</strong></span> <span class='ocrx_word' id='word_1_31' title='bbox 960 627 1123 671; x_wconf 84' lang='lat' dir='ltr'><strong>diversa</strong></span> <span class='ocrx_word' id='word_1_32' title='bbox 1155 628 1374 670; x_wconf 84' lang='lat' dir='ltr'><strong>statuerint</strong></span> <span class='ocrx_word' id='word_1_33' title='bbox 1432 626 1613 669; x_wconf 81' lang='lat' dir='ltr'><strong>breviter</strong></span> 
     </span>
     <span class='ocr_line' id='line_1_6' title="bbox 218 705 496 748; baseline 0 -1"><span class='ocrx_word' id='word_1_34' title='bbox 218 705 496 748; x_wconf 83' lang='lat' dir='ltr'><strong>ostendamus.</strong></span> 
     </span>
    </p>
   </div>
   <div class='ocr_carea' id='block_1_4' title="bbox 567 1183 1260 1243">
    <p class='ocr_par' dir='ltr' id='par_1_4' title="bbox 567 1183 1260 1243">
     <span class='ocr_line' id='line_1_7' title="bbox 567 1183 1260 1243; baseline -0.001 -1"><span class='ocrx_word' id='word_1_35' title='bbox 567 1183 842 1242; x_wconf 77' lang='lat' dir='ltr'>PARS</span> <span class='ocrx_word' id='word_1_36' title='bbox 890 1184 1260 1243; x_wconf 78' lang='lat' dir='ltr'><strong>Pluon.</strong></span> 
     </span>
    </p>
   </div>
   <div class='ocr_carea' id='block_1_5' title="bbox 296 1340 1536 1464">
    <p class='ocr_par' dir='ltr' id='par_1_5' title="bbox 296 1340 1536 1464">
     <span class='ocr_line' id='line_1_8' title="bbox 296 1340 1536 1386; baseline 0.003 -5"><span class='ocrx_word' id='word_1_37' title='bbox 296 1341 366 1382; x_wconf 92' lang='lat' dir='ltr'><strong>DE</strong></span> <span class='ocrx_word' id='word_1_38' title='bbox 398 1340 748 1384; x_wconf 87' lang='lat' dir='ltr'><strong>ARGUMENTO</strong></span> <span class='ocrx_word' id='word_1_39' title='bbox 778 1342 851 1383; x_wconf 90' lang='lat' dir='ltr'><strong>ET</strong></span> <span class='ocrx_word' id='word_1_40' title='bbox 892 1341 1143 1386; x_wconf 87' lang='lat' dir='ltr'>CONSILIO</span> <span class='ocrx_word' id='word_1_41' title='bbox 1172 1342 1536 1386; x_wconf 90' lang='lat' dir='ltr'><strong>REIPUBLICAE</strong></span> 
     </span>
     <span class='ocr_line' id='line_1_9' title="bbox 599 1416 1057 1464; baseline 0.009 -4"><span class='ocrx_word' id='word_1_42' title='bbox 599 1416 610 1418; x_wconf 72' lang='grc'><em>”</em></span> <span class='ocrx_word' id='word_1_43' title='bbox 764 1417 1057 1464; x_wconf 86' lang='lat' dir='ltr'><strong>PLATONIS.</strong></span> 
     </span>
    </p>
   </div>
   <div class='ocr_carea' id='block_1_6' title="bbox 803 1541 1021 1550">
    <p class='ocr_par' dir='ltr' id='par_1_6' title="bbox 803 1541 1021 1550">
     <span class='ocr_line' id='line_1_10' title="bbox 803 1541 1021 1550; baseline -0.005 -1"><span class='ocrx_word' id='word_1_44' title='bbox 803 1541 1021 1550; x_wconf 51' lang='grc'><strong>*-</strong></span> 
     </span>
    </p>
   </div>
   <div class='ocr_carea' id='block_1_7' title="bbox 313 1657 1518 1793">
    <p class='ocr_par' dir='ltr' id='par_1_7' title="bbox 313 1657 1518 1793">
     <span class='ocr_line' id='line_1_11' title="bbox 313 1657 1518 1715; baseline 0.002 -16"><span class='ocrx_word' id='word_1_45' title='bbox 313 1657 365 1700; x_wconf 92' lang='grc' dir='ltr'><strong>Α.</strong></span> <span class='ocrx_word' id='word_1_46' title='bbox 429 1657 618 1715; x_wconf 79' lang='lat' dir='ltr'><strong>Argum</strong></span> <span class='ocrx_word' id='word_1_47' title='bbox 647 1662 820 1700; x_wconf 89' lang='lat' dir='ltr'><strong>entum</strong></span> <span class='ocrx_word' id='word_1_48' title='bbox 876 1657 1135 1701; x_wconf 87' lang='lat' dir='ltr'><strong>librorum</strong></span> <span class='ocrx_word' id='word_1_49' title='bbox 1179 1658 1423 1702; x_wconf 86' lang='lat' dir='ltr'><strong>Platonis</strong></span> <span class='ocrx_word' id='word_1_50' title='bbox 1457 1659 1518 1702; x_wconf 89' lang='lat' dir='ltr'><strong>de</strong></span> 
     </span>
     <span class='ocr_line' id='line_1_12' title="bbox 345 1735 1085 1793; baseline 0.001 -16"><span class='ocrx_word' id='word_1_51' title='bbox 345 1739 349 1744; x_wconf 91' lang='lat'>&#39;</span> <span class='ocrx_word' id='word_1_52' title='bbox 792 1735 1085 1793; x_wconf 84' lang='lat' dir='ltr'>republica,</span> 
     </span>
    </p>
   </div>
   <div class='ocr_carea' id='block_1_8' title="bbox 224 1866 1615 2781">
    <p class='ocr_par' dir='ltr' id='par_1_8' title="bbox 224 1866 1615 2453">
     <span class='ocr_line' id='line_1_13' title="bbox 347 1866 1612 1925; baseline 0.001 -17"><span class='ocrx_word' id='word_1_53' title='bbox 347 1866 519 1924; x_wconf 82' lang='lat' dir='ltr'><strong>Singula</strong></span> <span class='ocrx_word' id='word_1_54' title='bbox 575 1880 783 1923; x_wconf 87' lang='lat' dir='ltr'><strong>quaeque,</strong></span> <span class='ocrx_word' id='word_1_55' title='bbox 817 1881 921 1923; x_wconf 90' lang='lat' dir='ltr'><strong>quae</strong></span> <span class='ocrx_word' id='word_1_56' title='bbox 970 1866 1022 1908; x_wconf 85' lang='lat' dir='ltr'><strong>ad</strong></span> <span class='ocrx_word' id='word_1_57' title='bbox 1066 1871 1352 1925; x_wconf 82' lang='lat' dir='ltr'><strong>argumentum</strong></span> <span class='ocrx_word' id='word_1_58' title='bbox 1390 1869 1612 1924; x_wconf 86' lang='lat' dir='ltr'><strong>pertinent,</strong></span> 
     </span>
     <span class='ocr_line' id='line_1_14' title="bbox 224 1944 1614 2002; baseline 0.001 -15"><span class='ocrx_word' id='word_1_59' title='bbox 224 1945 291 1987; x_wconf 89' lang='lat' dir='ltr'><strong>hic</strong></span> <span class='ocrx_word' id='word_1_60' title='bbox 323 1949 597 2002; x_wconf 87' lang='lat' dir='ltr'><strong>pertractare,</strong></span> <span class='ocrx_word' id='word_1_61' title='bbox 637 1949 733 2002; x_wconf 88' lang='lat' dir='ltr'><strong>post</strong></span> <span class='ocrx_word' id='word_1_62' title='bbox 763 1948 826 1987; x_wconf 92' lang='lat' dir='ltr'><strong>tot</strong></span> <span class='ocrx_word' id='word_1_63' title='bbox 856 1946 1040 1987; x_wconf 86' lang='lat' dir='ltr'><strong>virorum</strong></span> <span class='ocrx_word' id='word_1_64' title='bbox 1074 1944 1290 1989; x_wconf 86' lang='lat' dir='ltr'><strong>doctorum</strong></span> <span class='ocrx_word' id='word_1_65' title='bbox 1331 1947 1614 1988; x_wconf 85' lang='lat' dir='ltr'><strong>contentiones</strong></span> 
     </span>
     <span class='ocr_line' id='line_1_15' title="bbox 225 2021 1615 2081; baseline 0.001 -16"><span class='ocrx_word' id='word_1_66' title='bbox 225 2037 574 2081; x_wconf 87' lang='lat' dir='ltr'><strong>supervacaneum</strong></span> <span class='ocrx_word' id='word_1_67' title='bbox 607 2021 727 2064; x_wconf 89' lang='lat' dir='ltr'><strong>nobis</strong></span> <span class='ocrx_word' id='word_1_68' title='bbox 759 2021 937 2074; x_wconf 86' lang='lat' dir='ltr'><strong>videtur,</strong></span> <span class='ocrx_word' id='word_1_69' title='bbox 971 2037 1063 2065; x_wconf 90' lang='lat' dir='ltr'><strong>cum</strong></span> <span class='ocrx_word' id='word_1_70' title='bbox 1089 2028 1131 2065; x_wconf 90' lang='lat' dir='ltr'><strong>et</strong></span> <span class='ocrx_word' id='word_1_71' title='bbox 1161 2024 1292 2081; x_wconf 90' lang='lat' dir='ltr'><strong>ipsius</strong></span> <span class='ocrx_word' id='word_1_72' title='bbox 1321 2024 1515 2065; x_wconf 86' lang='lat' dir='ltr'><strong>materiae</strong></span> <span class='ocrx_word' id='word_1_73' title='bbox 1547 2038 1615 2066; x_wconf 91' lang='lat' dir='ltr'><strong>co-</strong></span> 
     </span>
     <span class='ocr_line' id='line_1_16' title="bbox 224 2100 1614 2158; baseline 0.001 -16"><span class='ocrx_word' id='word_1_74' title='bbox 224 2102 313 2157; x_wconf 84' lang='lat' dir='ltr'><strong>pia,</strong></span> <span class='ocrx_word' id='word_1_75' title='bbox 359 2102 578 2156; x_wconf 88' lang='lat' dir='ltr'><strong>quominus</strong></span> <span class='ocrx_word' id='word_1_76' title='bbox 621 2101 739 2142; x_wconf 87' lang='lat' dir='ltr'><strong>nimis</strong></span> <span class='ocrx_word' id='word_1_77' title='bbox 772 2102 938 2158; x_wconf 89' lang='lat' dir='ltr'><strong>copiose</strong></span> <span class='ocrx_word' id='word_1_78' title='bbox 981 2115 1258 2158; x_wconf 79' lang='lat' dir='ltr'><strong>exponamUS,</strong></span> <span class='ocrx_word' id='word_1_79' title='bbox 1298 2115 1374 2142; x_wconf 89' lang='lat' dir='ltr'><strong>nos</strong></span> <span class='ocrx_word' id='word_1_80' title='bbox 1405 2100 1614 2158; x_wconf 88' lang='lat' dir='ltr'><strong>impediat.</strong></span> 
     </span>
     <span class='ocr_line' id='line_1_17' title="bbox 224 2175 1614 2236; baseline 0.001 -17"><span class='ocrx_word' id='word_1_81' title='bbox 224 2176 367 2234; x_wconf 85' lang='lat' dir='ltr'><strong>Itaque</strong></span> <span class='ocrx_word' id='word_1_82' title='bbox 400 2175 589 2226; x_wconf 82' lang='lat' dir='ltr'><strong>sufficiet,</strong></span> <span class='ocrx_word' id='word_1_83' title='bbox 623 2176 734 2233; x_wconf 90' lang='lat' dir='ltr'><strong>quod</strong></span> <span class='ocrx_word' id='word_1_84' title='bbox 772 2178 1056 2233; x_wconf 82' lang='lat' dir='ltr'><strong>gravissimum</strong></span> <span class='ocrx_word' id='word_1_85' title='bbox 1089 2177 1200 2236; x_wconf 91' lang='lat' dir='ltr'><strong>apud</strong></span> <span class='ocrx_word' id='word_1_86' title='bbox 1231 2182 1452 2234; x_wconf 86' lang='lat' dir='ltr'><strong>utrumque</strong></span> <span class='ocrx_word' id='word_1_87' title='bbox 1480 2178 1614 2220; x_wconf 87' lang='lat' dir='ltr'><strong>visum</strong></span> 
     </span>
     <span class='ocr_line' id='line_1_18' title="bbox 226 2252 1612 2310; baseline 0 -12"><span class='ocrx_word' id='word_1_88' title='bbox 226 2260 301 2306; x_wconf 89' lang='lat' dir='ltr'><strong>est,</strong></span> <span class='ocrx_word' id='word_1_89' title='bbox 334 2255 545 2297; x_wconf 87' lang='lat' dir='ltr'><strong>notionem</strong></span> <span class='ocrx_word' id='word_1_90' title='bbox 578 2258 619 2295; x_wconf 91' lang='lat' dir='ltr'><strong>et</strong></span> <span class='ocrx_word' id='word_1_91' title='bbox 646 2252 780 2295; x_wconf 86' lang='lat' dir='ltr'><strong>ideam</strong></span> <span class='ocrx_word' id='word_1_92' title='bbox 815 2254 1065 2310; x_wconf 86' lang='lat' dir='ltr'><strong>reipublicae</strong></span> <span class='ocrx_word' id='word_1_93' title='bbox 1096 2254 1281 2296; x_wconf 86' lang='lat' dir='ltr'><strong>Platonis</strong></span> <span class='ocrx_word' id='word_1_94' title='bbox 1318 2259 1359 2296; x_wconf 89' lang='lat' dir='ltr'><strong>et</strong></span> <span class='ocrx_word' id='word_1_95' title='bbox 1374 2255 1612 2298; x_wconf 90' lang='lat' dir='ltr'><strong>Aristotelis</strong></span> 
     </span>
     <span class='ocr_line' id='line_1_19' title="bbox 225 2329 1614 2391; baseline 0 -14"><span class='ocrx_word' id='word_1_96' title='bbox 225 2338 348 2391; x_wconf 83' lang='lat' dir='ltr'><strong>atque</strong></span> <span class='ocrx_word' id='word_1_97' title='bbox 365 2334 507 2376; x_wconf 89' lang='lat' dir='ltr'><strong>&#39;omnia</strong></span> <span class='ocrx_word' id='word_1_98' title='bbox 524 2346 626 2390; x_wconf 89' lang='lat' dir='ltr'><strong>quae</strong></span> <span class='ocrx_word' id='word_1_99' title='bbox 644 2332 682 2374; x_wconf 86' lang='lat' dir='ltr'><strong>ei</strong></span> <span class='ocrx_word' id='word_1_100' title='bbox 700 2329 982 2389; x_wconf 85' lang='lat' dir='ltr'><strong>explanandae</strong></span> <span class='ocrx_word' id='word_1_101' title='bbox 999 2332 1241 2384; x_wconf 88' lang='lat' dir='ltr'><strong>inserviunt,</strong></span> <span class='ocrx_word' id='word_1_102' title='bbox 1276 2331 1496 2391; x_wconf 85' lang='lat' dir='ltr'><strong>diligenter</strong></span> <span class='ocrx_word' id='word_1_103' title='bbox 1515 2348 1614 2377; x_wconf 90' lang='lat' dir='ltr'><strong>con-</strong></span> 
     </span>
     <span class='ocr_line' id='line_1_20' title="bbox 226 2410 420 2453; baseline 0.005 -1"><span class='ocrx_word' id='word_1_104' title='bbox 226 2410 420 2453; x_wconf 87' lang='lat' dir='ltr'><strong>siderare.</strong></span> 
     </span>
    </p>

    <p class='ocr_par' dir='ltr' id='par_1_9' title="bbox 227 2485 1615 2781">
     <span class='ocr_line' id='line_1_21' title="bbox 349 2485 1613 2546; baseline 0.001 -16"><span class='ocrx_word' id='word_1_105' title='bbox 349 2486 509 2537; x_wconf 88' lang='lat' dir='ltr'><strong>Quodsi</strong></span> <span class='ocrx_word' id='word_1_106' title='bbox 540 2492 671 2531; x_wconf 89' lang='lat' dir='ltr'><strong>totum</strong></span> <span class='ocrx_word' id='word_1_107' title='bbox 703 2485 862 2536; x_wconf 88' lang='lat' dir='ltr'><strong>librum,</strong></span> <span class='ocrx_word' id='word_1_108' title='bbox 897 2501 1018 2544; x_wconf 88' lang='lat' dir='ltr'><strong>quem</strong></span> <span class='ocrx_word' id='word_1_109' title='bbox 1050 2486 1168 2530; x_wconf 88' lang='lat' dir='ltr'><strong>Plato</strong></span> <span class='ocrx_word' id='word_1_110' title='bbox 1203 2487 1255 2530; x_wconf 86' lang='lat' dir='ltr'><strong>de</strong></span> <span class='ocrx_word' id='word_1_111' title='bbox 1283 2488 1493 2546; x_wconf 86' lang='lat' dir='ltr'><strong>republica</strong></span> <span class='ocrx_word' id='word_1_112' title='bbox 1516 2502 1613 2531; x_wconf 90' lang='lat' dir='ltr'><strong>con-</strong></span> 
     </span>
     <span class='ocr_line' id='line_1_22' title="bbox 228 2563 1612 2624; baseline 0.002 -18"><span class='ocrx_word' id='word_1_113' title='bbox 228 2565 403 2623; x_wconf 88' lang='lat' dir='ltr'><strong>scripsit,</strong></span> <span class='ocrx_word' id='word_1_114' title='bbox 435 2575 519 2608; x_wconf 87' lang='lat' dir='ltr'><strong>uno</strong></span> <span class='ocrx_word' id='word_1_115' title='bbox 544 2570 767 2624; x_wconf 89' lang='lat' dir='ltr'><strong>conspectu</strong></span> <span class='ocrx_word' id='word_1_116' title='bbox 788 2563 1099 2622; x_wconf 87' lang='lat' dir='ltr'><strong>perlustramus,</strong></span> <span class='ocrx_word' id='word_1_117' title='bbox 1133 2564 1292 2607; x_wconf 90' lang='lat' dir='ltr'><strong>nullum</strong></span> <span class='ocrx_word' id='word_1_118' title='bbox 1322 2579 1504 2622; x_wconf 88' lang='lat' dir='ltr'><strong>unquam</strong></span> <span class='ocrx_word' id='word_1_119' title='bbox 1537 2579 1612 2609; x_wconf 83' lang='lat' dir='ltr'><strong>ex·</strong></span> 
     </span>
     <span class='ocr_line' id='line_1_23' title="bbox 229 2641 1615 2702; baseline 0.001 -18"><span class='ocrx_word' id='word_1_120' title='bbox 229 2643 382 2685; x_wconf 87' lang='lat' dir='ltr'><strong>stitisse</strong></span> <span class='ocrx_word' id='word_1_121' title='bbox 412 2658 547 2702; x_wconf 87' lang='lat' dir='ltr'><strong>neque</strong></span> <span class='ocrx_word' id='word_1_122' title='bbox 579 2642 764 2687; x_wconf 86' lang='lat' dir='ltr'><strong>futurum</strong></span> <span class='ocrx_word' id='word_1_123' title='bbox 799 2656 887 2685; x_wconf 87' lang='lat' dir='ltr'><strong>esse</strong></span> <span class='ocrx_word' id='word_1_124' title='bbox 914 2641 1064 2684; x_wconf 90' lang='lat' dir='ltr'><strong>librum</strong></span> <span class='ocrx_word' id='word_1_125' title='bbox 1096 2643 1286 2685; x_wconf 84' lang='lat' dir='ltr'><strong>existimo</strong></span> <span class='ocrx_word' id='word_1_126' title='bbox 1306 2674 1317 2693; x_wconf 95' lang='lat'><strong>,</strong></span> <span class='ocrx_word' id='word_1_127' title='bbox 1349 2643 1393 2684; x_wconf 89' lang='lat' dir='ltr'><strong>in</strong></span> <span class='ocrx_word' id='word_1_128' title='bbox 1427 2658 1509 2701; x_wconf 92' lang='lat' dir='ltr'><strong>quo</strong></span> <span class='ocrx_word' id='word_1_129' title='bbox 1542 2643 1615 2686; x_wconf 87' lang='lat' dir='ltr'><strong>ad-</strong></span> 
     </span>
     <span class='ocr_line' id='line_1_24' title="bbox 227 2719 1614 2781; baseline 0.003 -19"><span class='ocrx_word' id='word_1_130' title='bbox 227 2719 387 2763; x_wconf 88' lang='lat' dir='ltr'><strong>mireris</strong></span> <span class='ocrx_word' id='word_1_131' title='bbox 418 2722 614 2766; x_wconf 88' lang='lat' dir='ltr'><strong>maiorem</strong></span> <span class='ocrx_word' id='word_1_132' title='bbox 648 2722 801 2781; x_wconf 84' lang='lat' dir='ltr'><strong>ingenii</strong></span> <span class='ocrx_word' id='word_1_133' title='bbox 832 2719 1170 2780; x_wconf 83' lang='lat' dir='ltr'><strong>profunditatem,</strong></span> <span class='ocrx_word' id='word_1_134' title='bbox 1204 2719 1484 2768; x_wconf 86' lang='lat' dir='ltr'><strong>sublimiorem</strong></span> <span class='ocrx_word' id='word_1_135' title='bbox 1519 2737 1614 2766; x_wconf 86' lang='lat' dir='ltr'><strong>sen-</strong></span> 
     </span>
    </p>
   </div>
  </div>
 </body>
</html>
