1799 3104
1529 303 1594 352 13

214 445 256 486 in
287 444 626 503 praecedentibus
660 455 922 505 exposuerat,
958 446 1070 490 brevi
1105 446 1288 487 oratione
1330 446 1478 487 iterum
1511 458 1595 485 am-

214 523 468 581 plecteretur
500 531 541 567 et
571 524 760 567 omnibus
801 526 1006 583 probaret.
1072 524 1117 566 In
1161 538 1240 581 qua
1269 538 1314 565 re
1346 525 1470 580 igitur
1502 538 1594 565 ver-

214 605 326 644 satur
354 601 457 646 liber
487 605 566 647 iste
598 603 809 647 decimus?

267 669 277 672 “
334 680 525 725 Decimus
557 682 662 724 liber
691 681 893 740 duplicem
917 682 1041 724 habet
1061 683 1231 732 exitum,
1267 680 1439 721 alterum
1465 681 1594 736 ipsius

213 759 284 810 rei,
318 759 490 802 alterum
522 762 637 817 quasi
672 760 947 811 dramaticum,
983 762 1212 818 argumenti
1246 760 1376 817 ipsius
1410 758 1594 801 sublimi-

212 838 284 878 tati
325 840 542 880 exterioris
583 841 777 882 orationis
828 838 1046 896 splendore
1088 838 1283 894 adjuncto
1303 836 1379 894 (1).
1451 837 1594 879 Altera

209 922 326 971 parte
359 930 538 959 summae
566 917 673 960 illius
693 932 813 974 quam
830 919 1017 959 novimus
1051 918 1222 958 civitatis
1240 916 1358 957 ideae
1383 930 1472 957 cum
1500 916 1592 956 uni·

211 994 263 1034 tis
306 995 454 1035 artium
490 994 781 1053 literarumque
814 995 1114 1053 cognitionibus
1156 996 1387 1037 instituitur
1428 1007 1593 1051 compa-

211 1072 328 1133 ratiO.
413 1071 515 1113 Nam
564 1087 705 1115 omnes
752 1075 1004 1130 cognitiones
1054 1079 1094 1115 et
1136 1079 1220 1115 tota
1263 1076 1345 1115 vita
1387 1073 1489 1115 nihil
1532 1081 1594 1113 est

212 1150 289 1191 nisi
320 1151 484 1204 μίμησις
503 1149 588 1207 (2),
633 1166 712 1208 qua
751 1166 796 1193 re
826 1151 905 1193 hoc
934 1150 1051 1193 Plato
1080 1150 1196 1201 dicit,
1241 1166 1333 1193 eum
1365 1152 1435 1208 qui
1468 1150 1592 1192 vellet

312 1294 366 1340 (l)
403 1297 538 1329 Eodem
572 1298 678 1330 modo
711 1298 778 1330 hae
817 1299 909 1329 duae
944 1303 1057 1340 partes
1093 1309 1168 1329 sese
1203 1298 1354 1338 habent,
1389 1308 1458 1338 quo
1485 1298 1596 1328 oratio

213 1356 364 1390 Socratis
392 1363 426 1389 et
450 1356 652 1391 Alcibiadis
684 1359 722 1389 in
750 1358 954 1400 Symposio,
980 1369 1128 1399 quarum
1154 1359 1265 1390 altera
1290 1358 1468 1397 fastigium
1495 1358 1598 1398 quasi

211 1417 458 1458 philosophiae
484 1418 685 1458 legentibus
711 1418 865 1459 praebet,
891 1418 1003 1449 altera
1030 1418 1209 1449 Socratem
1235 1428 1410 1449 summum
1437 1418 1594 1458 philoso-

212 1477 323 1518 phum
350 1477 529 1508 celebrare
554 1478 711 1508 instituit
736 1478 826 1509 haec
851 1478 927 1518 ipsa
953 1479 1149 1519 principia,
1176 1488 1266 1519 quae
1294 1483 1514 1509 enarraverat
1542 1474 1592 1518 (p.

214 1537 283 1570 199
310 1536 456 1569 c-212
483 1538 550 1578 C.),
578 1538 650 1569 vita
676 1543 820 1569 externa
846 1538 1065 1579 probantem.

311 1595 365 1639 (2)
393 1597 437 1628 Ut
463 1597 617 1636 breviter
655 1598 866 1638 indicemus,
900 1598 986 1639 quid
1012 1599 1079 1629 sibi
1109 1598 1195 1629 velit
1219 1590 1383 1639 μίμησις
1398 1598 1593 1638 Platonica,

215 1658 266 1689 uti
294 1667 415 1688 omnes
442 1657 640 1688 sententiae
667 1657 833 1698 Platonis,
860 1658 895 1688 in
924 1658 999 1688 sola
1028 1658 1186 1689 idearum
1207 1663 1239 1688 et
1266 1659 1406 1689 virtutis
1434 1658 1592 1689 doctrina

211 1722 326 1749 unum
351 1717 484 1748 fontem
509 1717 653 1757 liabent,
678 1718 774 1748 unde
801 1715 877 1758 ejus
904 1718 1114 1757 significatio
1142 1719 1246 1758 possit
1275 1719 1451 1756 cognosci.
1503 1717 1593 1748 Nam

216 1778 269 1809 uti
307 1777 419 1808 virtus
457 1786 501 1807 ex
534 1777 708 1808 sententia
742 1777 899 1809 Platonis
934 1778 972 1808 in
1006 1778 1110 1808 rebus
1143 1778 1246 1816 gestis
1273 1775 1448 1817 ejusmodi
1483 1779 1595 1818 posita

216 1842 285 1878 est,
312 1847 402 1878 quae
430 1846 472 1867 ex
500 1847 658 1868 summae
685 1837 786 1868 ideae
816 1838 1018 1877 cognitione
1045 1837 1251 1878 prodierint,
1278 1838 1328 1868 sic
1355 1847 1508 1879 qnoque,
1535 1839 1596 1879 qui

212 1898 278 1929 hac
304 1897 379 1938 ipsa
413 1897 493 1928 idea
537 1898 697 1937 neglecta
722 1898 910 1928 hominum
944 1898 1080 1928 animos
1107 1899 1345 1929 inconstantes
1380 1907 1411 1932 el
1447 1899 1597 1929 mobiles

214 1967 409 1998 coriumque
444 1967 576 1988 errores
612 1968 652 1989 ac
696 1958 779 1989 vitia
815 1958 1048 1989 describendo
1089 1959 1269 1997 imitatur,
1304 1959 1343 1989 in
1377 1960 1519 1990 civitate
1553 1959 1597 1989 ad

214 2018 285 2050 Dei
314 2017 587 2049 similitudinem
614 2018 756 2049 condita
783 2019 951 2049 exsistere
977 2029 1048 2049 non
1066 2023 1189 2059 potest,
1215 2034 1261 2040 —
1288 2022 1401 2058 poeta,
1454 2019 1596 2049 Invehi-

215 2084 271 2111 tur
297 2079 392 2110 enim
419 2083 541 2110 contra
593 2087 683 2110 snae
710 2084 744 2110 et
768 2079 894 2120 prioris
929 2079 1054 2110 aetatis
1088 2083 1229 2120 poetas,
1262 2080 1392 2120 quippe
1419 2080 1480 2120 qui
1506 2079 1597 2110 falso

212 2150 339 2179 genere
372 2148 564 2179 μιμησεως
605 2144 768 2174 utuntur,
828 2139 972 2169 Etenim
1004 2142 1124 2179 poetas
1150 2131 1383 2179 μιμῇτικούς
1409 2139 1509 2169 Plato
1538 2149 1596 2169 eos

212 2199 312 2239 (licit,
338 2199 401 2238 qni
435 2208 471 2228 se
505 2198 599 2238 ipsos
626 2199 728 2239 quasi
764 2203 901 2229 exuunt
937 2203 970 2229 et
1005 2199 1158 2229 alienam
1187 2209 1368 2239 personam
1397 2199 1597 2238 suscipiunt

212 2258 295 2301 (111.
328 2267 403 2299 pag.
442 2256 525 2296 395,
560 2257 620 2297 Χ.,
655 2268 729 2297 pag.
758 2256 830 2289 602
856 2257 913 2297 B).
973 2258 1035 2288 Est
1062 2258 1204 2297 quidem
1233 2263 1303 2288 tota
1328 2268 1381 2287 ars
1415 2261 1595 2297 potitaram

212 2308 403 2359 μιμκητικνή.
452 2316 522 2347 Eos
548 2326 643 2356 vero,
670 2316 732 2356 qui
757 2317 926 2347 virtutem
953 2321 987 2346 et
1022 2317 1120 2346 ideas
1138 2317 1334 2356 imitentur,
1360 2317 1596 2349 admittendos

215 2389 295 2411 eese
322 2377 408 2409 dicit
433 2373 482 2419 (p.
509 2374 581 2409 396
607 2371 677 2420 O),
703 2376 833 2417 quippe
860 2376 920 2416 qui
948 2387 1020 2407 uno
1047 2377 1157 2420 gradu
1183 2378 1326 2418 propius
1353 2379 1525 2409 accedant
1553 2379 1596 2409 ad

213 2448 385 2470 summam
420 2438 605 2468 veritatem
641 2434 717 2479 (X„
750 2448 785 2477 p.
819 2435 889 2467 697
924 2433 1047 2477 Esqq).
1100 2436 1147 2466 Hi
1176 2437 1272 2467 enim
1300 2447 1338 2468 re
1366 2449 1447 2469 vera
1475 2442 1595 2479 poetae

212 2502 306 2532 sunt.
357 2497 458 2528 Nihil
484 2497 583 2529 aliud
609 2497 717 2538 igitur
741 2496 840 2527 Plato
866 2496 1058 2537 profitetur,
1088 2497 1159 2528 nisi
1185 2501 1307 2538 poetas
1334 2504 1494 2539 oportere
1521 2509 1595 2531 esse

211 2558 454 2600 philosophos,
483 2558 527 2591 cs.
555 2558 629 2599 111„
657 2569 691 2599 p.
716 2555 788 2589 392
811 2554 865 2594 A;
894 2557 950 2597 V„
976 2568 1007 2597 p.
1036 2556 1107 2589 459
1134 2558 1185 2599 E3
1214 2559 1278 2598 X„
1303 2570 1335 2599 p.
1362 2558 1432 2589 607
1459 2558 1510 2599 A3
1538 2570 1594 2590 ce-

212 2623 303 2650 teros
330 2627 434 2657 vero,
469 2618 531 2659 qui
566 2618 674 2658 vulgo
707 2618 757 2649 sic
784 2616 966 2657 dicuntur,
992 2619 1144 2648 maxime
1173 2619 1318 2658 tragicos
1343 2623 1374 2649 et
1403 2619 1541 2660 epicos,
1578 2631 1595 2651 e

212 2678 357 2710 civitate
384 2677 579 2709 eiiciendos
608 2689 694 2710 esse.
747 2678 840 2714 Quas
868 2682 987 2708 autem
1013 2679 1183 2708 orationis
1211 2680 1346 2718 species
1373 2679 1480 2718 dicit,
1518 2682 1595 2720 qui-

210 2737 277 2769 bus
303 2741 430 2778 poetae
448 2743 597 2770 utuntur
615 2728 734 2782 (ἁπλῆ
758 2729 930 2779 διήγησις
955 2748 1019 2769 seu
1047 2748 1107 2778 ea,
1139 2748 1228 2778 quae
1251 2725 1350 2769 οἷ’νευ
1383 2733 1596 2779 μιμήσεωσ,

215 2793 256 2827 δι’
272 2789 517 2838 απαγγελίας
530 2798 701 2841 procedit,
727 2798 855 2831 deinde
868 2786 889 2839 ’ἦ
904 2792 973 2830 6ιοὶ
984 2791 1176 2840 μιμήσεως
1201 2790 1426 2841 γιγνομένη,
1443 2799 1596 2839 denique
