<?xml version="1.0" encoding="UTF-8"?>
<!DOCTYPE html PUBLIC "-//W3C//DTD XHTML 1.0 Transitional//EN"
    "http://www.w3.org/TR/xhtml1/DTD/xhtml1-transitional.dtd">
<html xmlns="http://www.w3.org/1999/xhtml" xml:lang="en" lang="en">
 <head>
  <title>
</title>
<meta http-equiv="Content-Type" content="text/html;charset=utf-8" />
  <meta name='ocr-system' content='tesseract 3.04.00' />
  <meta name='ocr-capabilities' content='ocr_page ocr_carea ocr_par ocr_line ocrx_word'/>
</head>
<body>
  <div class='ocr_page' id='page_1' title='image "4737182_0073.png"; bbox 0 0 1799 3104; ppageno 0'>
   <div class='ocr_carea' id='block_1_1' title="bbox 1495 275 1565 327">
    <p class='ocr_par' dir='ltr' id='par_1_1' title="bbox 1495 275 1565 327">
     <span class='ocr_line' id='line_1_1' title="bbox 1495 275 1565 327; baseline 0 0"><span class='ocrx_word' id='word_1_1' title='bbox 1495 275 1565 327; x_wconf 82' lang='lat'><strong>65</strong></span> 
     </span>
    </p>
   </div>
   <div class='ocr_carea' id='block_1_2' title="bbox 175 416 1567 2204">
    <p class='ocr_par' dir='ltr' id='par_1_2' title="bbox 175 416 1567 2204">
     <span class='ocr_line' id='line_1_2' title="bbox 177 416 1564 478; baseline 0.001 -18"><span class='ocrx_word' id='word_1_2' title='bbox 177 416 366 461; x_wconf 85' lang='lat' dir='ltr'><strong>facillime</strong></span> <span class='ocrx_word' id='word_1_3' title='bbox 391 418 583 476; x_wconf 86' lang='lat' dir='ltr'><strong>coniungi</strong></span> <span class='ocrx_word' id='word_1_4' title='bbox 611 420 801 476; x_wconf 85' lang='lat' dir='ltr'><strong>possunt.</strong></span> <span class='ocrx_word' id='word_1_5' title='bbox 865 416 1027 460; x_wconf 82' lang='lat' dir='ltr'><strong>Etenim</strong></span> <span class='ocrx_word' id='word_1_6' title='bbox 1061 416 1308 461; x_wconf 87' lang='lat' dir='ltr'><strong>Aristoteles</strong></span> <span class='ocrx_word' id='word_1_7' title='bbox 1342 423 1435 462; x_wconf 92' lang='lat' dir='ltr'><strong>octo</strong></span> <span class='ocrx_word' id='word_1_8' title='bbox 1468 433 1564 478; x_wconf 86' lang='lat' dir='ltr'><strong>par-</strong></span> 
     </span>
     <span class='ocr_line' id='line_1_3' title="bbox 177 488 1563 557; baseline 0.001 -18"><span class='ocrx_word' id='word_1_9' title='bbox 177 502 240 538; x_wconf 87' lang='lat' dir='ltr'><strong>tes</strong></span> <span class='ocrx_word' id='word_1_10' title='bbox 285 511 359 539; x_wconf 89' lang='lat' dir='ltr'><strong>seu</strong></span> <span class='ocrx_word' id='word_1_11' title='bbox 392 488 573 557; x_wconf 24' lang='lat' dir='ltr'><strong>‚ordines</strong></span> <span class='ocrx_word' id='word_1_12' title='bbox 606 496 781 538; x_wconf 89' lang='lat' dir='ltr'><strong>civitatis</strong></span> <span class='ocrx_word' id='word_1_13' title='bbox 826 496 1063 537; x_wconf 90' lang='lat' dir='ltr'><strong>constituit:</strong></span> <span class='ocrx_word' id='word_1_14' title='bbox 1114 496 1331 553; x_wconf 81' lang='lat' dir='ltr'>agricolas,</span> <span class='ocrx_word' id='word_1_15' title='bbox 1380 497 1563 555; x_wconf 89' lang='lat' dir='ltr'><strong>opifices,</strong></span> 
     </span>
     <span class='ocr_line' id='line_1_4' title="bbox 177 572 1565 632; baseline 0.001 -15"><span class='ocrx_word' id='word_1_16' title='bbox 177 580 438 627; x_wconf 85' lang='lat' dir='ltr'><strong>mercatores,</strong></span> <span class='ocrx_word' id='word_1_17' title='bbox 472 574 698 632; x_wconf 87' lang='lat' dir='ltr'><strong>operarios,</strong></span> <span class='ocrx_word' id='word_1_18' title='bbox 729 573 893 624; x_wconf 85' lang='lat' dir='ltr'><strong>milites,</strong></span> <span class='ocrx_word' id='word_1_19' title='bbox 929 588 1000 615; x_wconf 86' lang='lat' dir='ltr'><strong>eos</strong></span> <span class='ocrx_word' id='word_1_20' title='bbox 1032 572 1182 615; x_wconf 89' lang='lat' dir='ltr'><strong>deinde</strong></span> <span class='ocrx_word' id='word_1_21' title='bbox 1214 574 1285 630; x_wconf 90' lang='lat' dir='ltr'><strong>qui</strong></span> <span class='ocrx_word' id='word_1_22' title='bbox 1325 576 1565 631; x_wconf 77' lang='grc' dir='ltr'><em>λειτουργοῦ-</em></span> 
     </span>
     <span class='ocr_line' id='line_1_5' title="bbox 177 650 1565 712; baseline 0 -16"><span class='ocrx_word' id='word_1_23' title='bbox 177 670 241 696; x_wconf 78' lang='grc' dir='ltr'><strong>σιν</strong></span> <span class='ocrx_word' id='word_1_24' title='bbox 260 651 335 712; x_wconf 78' lang='grc'><strong>(1),</strong></span> <span class='ocrx_word' id='word_1_25' title='bbox 370 655 396 696; x_wconf 91' lang='lat' dir='ltr'><strong>i.</strong></span> <span class='ocrx_word' id='word_1_26' title='bbox 430 669 465 696; x_wconf 88' lang='lat' dir='ltr'><strong>e.</strong></span> <span class='ocrx_word' id='word_1_27' title='bbox 496 653 566 710; x_wconf 92' lang='lat' dir='ltr'><strong>qui</strong></span> <span class='ocrx_word' id='word_1_28' title='bbox 597 650 772 711; x_wconf 91' lang='lat' dir='ltr'><strong>publicis</strong></span> <span class='ocrx_word' id='word_1_29' title='bbox 802 651 1045 710; x_wconf 90' lang='lat' dir='ltr'><strong>quibusdam</strong></span> <span class='ocrx_word' id='word_1_30' title='bbox 1064 651 1304 696; x_wconf 89' lang='lat' dir='ltr'><strong>muneribus</strong></span> <span class='ocrx_word' id='word_1_31' title='bbox 1336 651 1565 712; x_wconf 85' lang='lat' dir='ltr'><strong>fungeban-</strong></span> 
     </span>
     <span class='ocr_line' id='line_1_6' title="bbox 176 731 1567 789; baseline 0 -16"><span class='ocrx_word' id='word_1_32' title='bbox 176 737 257 783; x_wconf 85' lang='lat' dir='ltr'><strong>tur,</strong></span> <span class='ocrx_word' id='word_1_33' title='bbox 293 746 396 789; x_wconf 90' lang='lat' dir='ltr'><strong>quae</strong></span> <span class='ocrx_word' id='word_1_34' title='bbox 429 733 635 788; x_wconf 86' lang='lat' dir='ltr'><strong>impensas</strong></span> <span class='ocrx_word' id='word_1_35' title='bbox 666 731 896 788; x_wconf 90' lang='lat' dir='ltr'><strong>requirunt,</strong></span> <span class='ocrx_word' id='word_1_36' title='bbox 929 731 1058 772; x_wconf 89' lang='lat' dir='ltr'><strong>veluti</strong></span> <span class='ocrx_word' id='word_1_37' title='bbox 1089 733 1140 772; x_wconf 85' lang='lat' dir='ltr'><strong>iis</strong></span> <span class='ocrx_word' id='word_1_38' title='bbox 1173 745 1278 788; x_wconf 91' lang='lat' dir='ltr'><strong>quae</strong></span> <span class='ocrx_word' id='word_1_39' title='bbox 1306 732 1567 789; x_wconf 82' lang='lat' dir='ltr'><strong>appellantur</strong></span> 
     </span>
     <span class='ocr_line' id='line_1_7' title="bbox 178 809 1564 869; baseline 0.001 -18"><span class='ocrx_word' id='word_1_40' title='bbox 178 809 427 860; x_wconf 88' lang='lat' dir='ltr'><strong>trierarchia,</strong></span> <span class='ocrx_word' id='word_1_41' title='bbox 463 809 653 867; x_wconf 85' lang='lat' dir='ltr'><strong>choregia</strong></span> <span class='ocrx_word' id='word_1_42' title='bbox 690 814 730 851; x_wconf 91' lang='lat' dir='ltr'><strong>et</strong></span> <span class='ocrx_word' id='word_1_43' title='bbox 761 809 1104 868; x_wconf 84' lang='lat' dir='ltr'><strong>gymnasiarchia‚</strong></span> <span class='ocrx_word' id='word_1_44' title='bbox 1140 809 1318 867; x_wconf 89' lang='lat' dir='ltr'><strong>denique</strong></span> <span class='ocrx_word' id='word_1_45' title='bbox 1350 812 1564 869; x_wconf 87' lang='lat' dir='ltr'><strong>magistra-</strong></span> 
     </span>
     <span class='ocr_line' id='line_1_8' title="bbox 178 885 1566 931; baseline 0.001 -1"><span class='ocrx_word' id='word_1_46' title='bbox 178 893 244 930; x_wconf 90' lang='lat' dir='ltr'><strong>tus</strong></span> <span class='ocrx_word' id='word_1_47' title='bbox 278 893 318 930; x_wconf 91' lang='lat' dir='ltr'><strong>et</strong></span> <span class='ocrx_word' id='word_1_48' title='bbox 348 887 519 931; x_wconf 87' lang='lat' dir='ltr'><strong>iudices.</strong></span> <span class='ocrx_word' id='word_1_49' title='bbox 580 888 707 931; x_wconf 84' lang='lat' dir='ltr'><strong>Primi</strong></span> <span class='ocrx_word' id='word_1_50' title='bbox 751 886 917 930; x_wconf 89' lang='lat' dir='ltr'><strong>ordines</strong></span> <span class='ocrx_word' id='word_1_51' title='bbox 949 885 1165 930; x_wconf 88' lang='lat' dir='ltr'><strong>inferiores</strong></span> <span class='ocrx_word' id='word_1_52' title='bbox 1203 893 1300 930; x_wconf 86' lang='lat' dir='ltr'><strong>sunt</strong></span> <span class='ocrx_word' id='word_1_53' title='bbox 1337 894 1379 931; x_wconf 88' lang='lat' dir='ltr'><strong>et</strong></span> <span class='ocrx_word' id='word_1_54' title='bbox 1410 887 1461 930; x_wconf 90' lang='lat' dir='ltr'><strong>ad</strong></span> <span class='ocrx_word' id='word_1_55' title='bbox 1494 904 1566 931; x_wconf 86' lang='lat' dir='ltr'><strong>na—</strong></span> 
     </span>
     <span class='ocr_line' id='line_1_9' title="bbox 175 963 1565 1025; baseline 0.001 -17"><span class='ocrx_word' id='word_1_56' title='bbox 175 963 311 1009; x_wconf 81' lang='lat' dir='ltr'><strong>turam</strong></span> <span class='ocrx_word' id='word_1_57' title='bbox 343 981 501 1009; x_wconf 87' lang='lat' dir='ltr'><strong>servam</strong></span> <span class='ocrx_word' id='word_1_58' title='bbox 534 967 745 1025; x_wconf 86' lang='lat' dir='ltr'><strong>pertinent</strong></span> <span class='ocrx_word' id='word_1_59' title='bbox 762 964 839 1023; x_wconf 85' lang='lat'>(2).</span> <span class='ocrx_word' id='word_1_60' title='bbox 903 964 1005 1008; x_wconf 90' lang='lat' dir='ltr'><strong>Nam</strong></span> <span class='ocrx_word' id='word_1_61' title='bbox 1024 980 1184 1008; x_wconf 88' lang='lat' dir='ltr'><strong>omnem</strong></span> <span class='ocrx_word' id='word_1_62' title='bbox 1209 969 1565 1025; x_wconf 86' lang='lat' dir='ltr'><strong>cauponationem,</strong></span> 
     </span>
     <span class='ocr_line' id='line_1_10' title="bbox 179 1044 1564 1105; baseline 0 -17"><span class='ocrx_word' id='word_1_63' title='bbox 179 1051 344 1088; x_wconf 90' lang='lat' dir='ltr'><strong>tenuem</strong></span> <span class='ocrx_word' id='word_1_64' title='bbox 375 1050 657 1096; x_wconf 87' lang='lat' dir='ltr'><strong>mercaturam,</strong></span> <span class='ocrx_word' id='word_1_65' title='bbox 692 1047 814 1086; x_wconf 91' lang='lat' dir='ltr'><strong>immo</strong></span> <span class='ocrx_word' id='word_1_66' title='bbox 848 1046 1135 1102; x_wconf 82' lang='lat' dir='ltr'><strong>agriculturam</strong></span> <span class='ocrx_word' id='word_1_67' title='bbox 1157 1044 1301 1089; x_wconf 89' lang='lat' dir='ltr'><strong>Graeci</strong></span> <span class='ocrx_word' id='word_1_68' title='bbox 1326 1046 1405 1088; x_wconf 90' lang='lat' dir='ltr'><strong>vile</strong></span> <span class='ocrx_word' id='word_1_69' title='bbox 1437 1061 1564 1105; x_wconf 88' lang='lat' dir='ltr'><strong>nego-</strong></span> 
     </span>
     <span class='ocr_line' id='line_1_11' title="bbox 178 1121 1564 1184; baseline 0.001 -18"><span class='ocrx_word' id='word_1_70' title='bbox 178 1126 279 1168; x_wconf 90' lang='lat' dir='ltr'><strong>tium</strong></span> <span class='ocrx_word' id='word_1_71' title='bbox 314 1130 354 1168; x_wconf 88' lang='lat' dir='ltr'><strong>et</strong></span> <span class='ocrx_word' id='word_1_72' title='bbox 387 1126 473 1167; x_wconf 86' lang='lat' dir='ltr'><strong>cive</strong></span> <span class='ocrx_word' id='word_1_73' title='bbox 505 1123 720 1183; x_wconf 85' lang='lat' dir='ltr'><strong>indignum</strong></span> <span class='ocrx_word' id='word_1_74' title='bbox 762 1123 1051 1167; x_wconf 83' lang='lat' dir='ltr'><strong>existimabant</strong></span> <span class='ocrx_word' id='word_1_75' title='bbox 1071 1121 1147 1181; x_wconf 88' lang='lat'><strong>(3).</strong></span> <span class='ocrx_word' id='word_1_76' title='bbox 1221 1124 1360 1183; x_wconf 89' lang='lat' dir='ltr'><strong>Itaque</strong></span> <span class='ocrx_word' id='word_1_77' title='bbox 1389 1125 1564 1184; x_wconf 86' lang='lat' dir='ltr'><strong>agricul-</strong></span> 
     </span>
     <span class='ocr_line' id='line_1_12' title="bbox 179 1201 1565 1259; baseline 0.001 -14"><span class='ocrx_word' id='word_1_78' title='bbox 179 1208 310 1245; x_wconf 86' lang='lat' dir='ltr'><strong>turam</strong></span> <span class='ocrx_word' id='word_1_79' title='bbox 351 1206 479 1246; x_wconf 87' lang='lat' dir='ltr'><strong>servis</strong></span> <span class='ocrx_word' id='word_1_80' title='bbox 522 1203 738 1245; x_wconf 88' lang='lat' dir='ltr'><strong>tradebant</strong></span> <span class='ocrx_word' id='word_1_81' title='bbox 755 1202 841 1259; x_wconf 86' lang='lat'><strong>(4).</strong></span> <span class='ocrx_word' id='word_1_82' title='bbox 914 1201 1036 1251; x_wconf 86' lang='lat' dir='ltr'><strong>Quod</strong></span> <span class='ocrx_word' id='word_1_83' title='bbox 1083 1217 1182 1245; x_wconf 91' lang='lat' dir='ltr'><strong>vero</strong></span> <span class='ocrx_word' id='word_1_84' title='bbox 1231 1203 1310 1245; x_wconf 90' lang='lat' dir='ltr'><strong>alio</strong></span> <span class='ocrx_word' id='word_1_85' title='bbox 1353 1204 1432 1246; x_wconf 89' lang='lat' dir='ltr'><strong>alio</strong></span> <span class='ocrx_word' id='word_1_86' title='bbox 1473 1205 1565 1246; x_wconf 90' lang='lat' dir='ltr'><strong>loco</strong></span> 
     </span>
     <span class='ocr_line' id='line_1_13' title="bbox 177 1280 1564 1341; baseline 0.001 -16"><span class='ocrx_word' id='word_1_87' title='bbox 177 1281 424 1325; x_wconf 88' lang='lat' dir='ltr'><strong>Aristoteles</strong></span> <span class='ocrx_word' id='word_1_88' title='bbox 458 1282 567 1333; x_wconf 89' lang='lat' dir='ltr'><strong>dicit,</strong></span> <span class='ocrx_word' id='word_1_89' title='bbox 600 1281 814 1341; x_wconf 87' lang='lat' dir='ltr'><strong>populum,</strong></span> <span class='ocrx_word' id='word_1_90' title='bbox 848 1282 964 1323; x_wconf 89' lang='lat' dir='ltr'><strong>cuius</strong></span> <span class='ocrx_word' id='word_1_91' title='bbox 990 1280 1176 1339; x_wconf 91' lang='lat' dir='ltr'><strong>plerique</strong></span> <span class='ocrx_word' id='word_1_92' title='bbox 1194 1281 1393 1340; x_wconf 83' lang='lat' dir='ltr'><strong>agricolae</strong></span> <span class='ocrx_word' id='word_1_93' title='bbox 1414 1288 1564 1334; x_wconf 82' lang='lat' dir='ltr'><strong>essent,</strong></span> 
     </span>
     <span class='ocr_line' id='line_1_14' title="bbox 178 1360 1564 1417; baseline 0.001 -15"><span class='ocrx_word' id='word_1_94' title='bbox 178 1364 354 1403; x_wconf 85' lang='lat' dir='ltr'><strong>maxime</strong></span> <span class='ocrx_word' id='word_1_95' title='bbox 389 1361 583 1403; x_wconf 88' lang='lat' dir='ltr'><strong>idoneum</strong></span> <span class='ocrx_word' id='word_1_96' title='bbox 617 1375 722 1411; x_wconf 89' lang='lat' dir='ltr'><strong>esse,</strong></span> <span class='ocrx_word' id='word_1_97' title='bbox 755 1362 825 1417; x_wconf 89' lang='lat' dir='ltr'><strong>qui</strong></span> <span class='ocrx_word' id='word_1_98' title='bbox 856 1363 1072 1411; x_wconf 79' lang='grc' dir='ltr'><strong><em>πολιτείαν,</em></strong></span> <span class='ocrx_word' id='word_1_99' title='bbox 1110 1366 1235 1417; x_wconf 82' lang='lat' dir='ltr'><strong>(quae</strong></span> <span class='ocrx_word' id='word_1_100' title='bbox 1268 1360 1417 1403; x_wconf 85' lang='lat' dir='ltr'><strong>dicitur</strong></span> <span class='ocrx_word' id='word_1_101' title='bbox 1448 1362 1480 1403; x_wconf 88' lang='lat' dir='ltr'>F</span> <span class='ocrx_word' id='word_1_102' title='bbox 1484 1364 1564 1404; x_wconf 85' lang='lat' dir='ltr'><strong>rei-</strong></span> 
     </span>
     <span class='ocr_line' id='line_1_15' title="bbox 181 1437 1564 1497; baseline 0.001 -16"><span class='ocrx_word' id='word_1_103' title='bbox 181 1439 316 1496; x_wconf 90' lang='lat' dir='ltr'><strong>staat),</strong></span> <span class='ocrx_word' id='word_1_104' title='bbox 348 1440 583 1482; x_wconf 89' lang='lat' dir='ltr'><strong>institueret</strong></span> <span class='ocrx_word' id='word_1_105' title='bbox 600 1438 695 1495; x_wconf 70' lang='lat'><strong>(5),</strong></span> <span class='ocrx_word' id='word_1_106' title='bbox 728 1437 770 1480; x_wconf 93' lang='lat' dir='ltr'><strong>id</strong></span> <span class='ocrx_word' id='word_1_107' title='bbox 806 1440 848 1480; x_wconf 90' lang='lat' dir='ltr'><strong>in</strong></span> <span class='ocrx_word' id='word_1_108' title='bbox 882 1448 1064 1497; x_wconf 83' lang='lat' dir='ltr'><strong>tempora</strong></span> <span class='ocrx_word' id='word_1_109' title='bbox 1098 1439 1328 1496; x_wconf 86' lang='lat' dir='ltr'><strong>posteriora</strong></span> <span class='ocrx_word' id='word_1_110' title='bbox 1366 1439 1564 1483; x_wconf 86' lang='lat' dir='ltr'><strong>historiae</strong></span> 
     </span>
     <span class='ocr_line' id='line_1_16' title="bbox 178 1516 1564 1575; baseline 0.001 -15"><span class='ocrx_word' id='word_1_111' title='bbox 178 1517 356 1561; x_wconf 85' lang='lat' dir='ltr'><strong>Graecae</strong></span> <span class='ocrx_word' id='word_1_112' title='bbox 390 1517 519 1568; x_wconf 89' lang='lat' dir='ltr'><strong>cadit,</strong></span> <span class='ocrx_word' id='word_1_113' title='bbox 549 1517 697 1575; x_wconf 91' lang='lat' dir='ltr'><strong>quibus</strong></span> <span class='ocrx_word' id='word_1_114' title='bbox 736 1518 991 1559; x_wconf 83' lang='lat' dir='ltr'><strong>aristocratia</strong></span> <span class='ocrx_word' id='word_1_115' title='bbox 1019 1519 1062 1559; x_wconf 89' lang='lat' dir='ltr'><strong>in</strong></span> <span class='ocrx_word' id='word_1_116' title='bbox 1094 1516 1382 1560; x_wconf 88' lang='lat' dir='ltr'><strong>democratiam</strong></span> <span class='ocrx_word' id='word_1_117' title='bbox 1408 1524 1564 1561; x_wconf 89' lang='lat' dir='ltr'><strong>mutata</strong></span> 
     </span>
     <span class='ocr_line' id='line_1_17' title="bbox 180 1594 1561 1652; baseline 0.001 -13"><span class='ocrx_word' id='word_1_118' title='bbox 180 1602 254 1639; x_wconf 89' lang='lat' dir='ltr'><strong>est.</strong></span> <span class='ocrx_word' id='word_1_119' title='bbox 332 1596 545 1639; x_wconf 90' lang='lat' dir='ltr'><strong>Prioribus</strong></span> <span class='ocrx_word' id='word_1_120' title='bbox 586 1595 840 1652; x_wconf 88' lang='lat' dir='ltr'><strong>temporibus</strong></span> <span class='ocrx_word' id='word_1_121' title='bbox 892 1596 1012 1638; x_wconf 86' lang='lat' dir='ltr'><strong>etiam</strong></span> <span class='ocrx_word' id='word_1_122' title='bbox 1048 1594 1186 1637; x_wconf 88' lang='lat' dir='ltr'><strong>studia</strong></span> <span class='ocrx_word' id='word_1_123' title='bbox 1234 1595 1435 1639; x_wconf 89' lang='lat' dir='ltr'><strong>artificum</strong></span> <span class='ocrx_word' id='word_1_124' title='bbox 1474 1613 1561 1641; x_wconf 89' lang='lat' dir='ltr'><strong>ser-</strong></span> 
     </span>
     <span class='ocr_line' id='line_1_18' title="bbox 180 1671 1561 1734; baseline 0.001 -17"><span class='ocrx_word' id='word_1_125' title='bbox 180 1675 276 1718; x_wconf 85' lang='lat' dir='ltr'><strong>vilia</strong></span> <span class='ocrx_word' id='word_1_126' title='bbox 307 1676 473 1734; x_wconf 87' lang='lat' dir='ltr'><strong>negotia</strong></span> <span class='ocrx_word' id='word_1_127' title='bbox 510 1671 848 1731; x_wconf 71' lang='lat' dir='ltr'><strong>habebanturffi).</strong></span> <span class='ocrx_word' id='word_1_128' title='bbox 914 1672 1028 1722; x_wconf 80' lang='lat' dir='ltr'><strong>Quos</strong></span> <span class='ocrx_word' id='word_1_129' title='bbox 1056 1675 1279 1717; x_wconf 86' lang='lat' dir='ltr'><strong>novissimo</strong></span> <span class='ocrx_word' id='word_1_130' title='bbox 1300 1681 1441 1719; x_wconf 88' lang='lat' dir='ltr'><strong>noster</strong></span> <span class='ocrx_word' id='word_1_131' title='bbox 1470 1676 1561 1719; x_wconf 90' lang='lat' dir='ltr'><strong>loco</strong></span> 
     </span>
     <span class='ocr_line' id='line_1_19' title="bbox 177 1751 1565 1812; baseline 0.001 -16"><span class='ocrx_word' id='word_1_132' title='bbox 177 1755 319 1812; x_wconf 89' lang='lat' dir='ltr'><strong>posuit</strong></span> <span class='ocrx_word' id='word_1_133' title='bbox 361 1755 623 1811; x_wconf 81' lang='lat' dir='ltr'><strong>magistratus</strong></span> <span class='ocrx_word' id='word_1_134' title='bbox 663 1757 704 1794; x_wconf 88' lang='lat' dir='ltr'><strong>et</strong></span> <span class='ocrx_word' id='word_1_135' title='bbox 745 1751 925 1802; x_wconf 81' lang='lat' dir='ltr'><strong>iudices,</strong></span> <span class='ocrx_word' id='word_1_136' title='bbox 966 1766 1037 1793; x_wconf 91' lang='lat' dir='ltr'><strong>eos</strong></span> <span class='ocrx_word' id='word_1_137' title='bbox 1079 1752 1212 1794; x_wconf 88' lang='lat' dir='ltr'><strong>tribus</strong></span> <span class='ocrx_word' id='word_1_138' title='bbox 1255 1751 1372 1811; x_wconf 88' lang='lat' dir='ltr'><strong>fungi</strong></span> <span class='ocrx_word' id='word_1_139' title='bbox 1407 1754 1565 1797; x_wconf 85' lang='lat' dir='ltr'><strong>vicibus</strong></span> 
     </span>
     <span class='ocr_line' id='line_1_20' title="bbox 180 1830 1566 1890; baseline 0.001 -15"><span class='ocrx_word' id='word_1_140' title='bbox 180 1838 330 1875; x_wconf 79' lang='lat' dir='ltr'><strong>censet,</strong></span> <span class='ocrx_word' id='word_1_141' title='bbox 394 1832 477 1874; x_wconf 94' lang='lat' dir='ltr'><strong>Alii</strong></span> <span class='ocrx_word' id='word_1_142' title='bbox 509 1833 617 1873; x_wconf 91' lang='lat' dir='ltr'><strong>enim</strong></span> <span class='ocrx_word' id='word_1_143' title='bbox 648 1832 690 1873; x_wconf 89' lang='lat' dir='ltr'><strong>in</strong></span> <span class='ocrx_word' id='word_1_144' title='bbox 723 1830 1031 1882; x_wconf 88' lang='lat' dir='ltr'><strong>deliberatione,</strong></span> <span class='ocrx_word' id='word_1_145' title='bbox 1074 1830 1141 1872; x_wconf 91' lang='lat' dir='ltr'><strong>alii</strong></span> <span class='ocrx_word' id='word_1_146' title='bbox 1183 1833 1226 1873; x_wconf 91' lang='lat' dir='ltr'><strong>in</strong></span> <span class='ocrx_word' id='word_1_147' title='bbox 1254 1833 1566 1890; x_wconf 84' lang='lat' dir='ltr'><strong>magistratuum</strong></span> 
     </span>
     <span class='ocr_line' id='line_1_21' title="bbox 182 1908 1566 1962; baseline 0 -9"><span class='ocrx_word' id='word_1_148' title='bbox 182 1912 395 1961; x_wconf 90' lang='lat' dir='ltr'><strong>electione,</strong></span> <span class='ocrx_word' id='word_1_149' title='bbox 430 1910 496 1951; x_wconf 89' lang='lat' dir='ltr'><strong>alii</strong></span> <span class='ocrx_word' id='word_1_150' title='bbox 522 1912 564 1951; x_wconf 91' lang='lat' dir='ltr'><strong>in</strong></span> <span class='ocrx_word' id='word_1_151' title='bbox 597 1909 757 1951; x_wconf 90' lang='lat' dir='ltr'><strong>iudiciis</strong></span> <span class='ocrx_word' id='word_1_152' title='bbox 789 1914 1006 1951; x_wconf 88' lang='lat' dir='ltr'><strong>versantur</strong></span> <span class='ocrx_word' id='word_1_153' title='bbox 1025 1908 1108 1962; x_wconf 78' lang='lat'><strong>(7).</strong></span> <span class='ocrx_word' id='word_1_154' title='bbox 1171 1909 1356 1952; x_wconf 90' lang='lat' dir='ltr'><strong>Platonis</strong></span> <span class='ocrx_word' id='word_1_155' title='bbox 1399 1918 1566 1953; x_wconf 83' lang='lat' dir='ltr'><strong>senten-</strong></span> 
     </span>
     <span class='ocr_line' id='line_1_22' title="bbox 178 1989 1564 2047; baseline 0 -14"><span class='ocrx_word' id='word_1_156' title='bbox 178 1992 289 2042; x_wconf 87' lang='lat' dir='ltr'><strong>tiam,</strong></span> <span class='ocrx_word' id='word_1_157' title='bbox 326 2004 445 2033; x_wconf 91' lang='lat' dir='ltr'><strong>suum</strong></span> <span class='ocrx_word' id='word_1_158' title='bbox 484 2002 687 2046; x_wconf 89' lang='lat' dir='ltr'><strong>quemque</strong></span> <span class='ocrx_word' id='word_1_159' title='bbox 723 2002 841 2047; x_wconf 88' lang='lat' dir='ltr'><strong>agere</strong></span> <span class='ocrx_word' id='word_1_160' title='bbox 870 1992 1075 2046; x_wconf 88' lang='lat' dir='ltr'><strong>oportere,</strong></span> <span class='ocrx_word' id='word_1_161' title='bbox 1109 2002 1192 2030; x_wconf 90' lang='lat' dir='ltr'><strong>non</strong></span> <span class='ocrx_word' id='word_1_162' title='bbox 1223 1993 1304 2030; x_wconf 88' lang='lat' dir='ltr'><strong>tam</strong></span> <span class='ocrx_word' id='word_1_163' title='bbox 1336 1994 1446 2031; x_wconf 86' lang='lat' dir='ltr'><strong>certe</strong></span> <span class='ocrx_word' id='word_1_164' title='bbox 1479 1989 1564 2033; x_wconf 94' lang='lat' dir='ltr'><strong>elo-</strong></span> 
     </span>
     <span class='ocr_line' id='line_1_23' title="bbox 179 2061 1564 2128; baseline -0.001 -16"><span class='ocrx_word' id='word_1_165' title='bbox 179 2061 339 2128; x_wconf 81' lang='lat' dir='ltr'><strong>quitur3</strong></span> <span class='ocrx_word' id='word_1_166' title='bbox 373 2068 447 2111; x_wconf 89' lang='lat' dir='ltr'><strong>sed</strong></span> <span class='ocrx_word' id='word_1_167' title='bbox 477 2067 575 2110; x_wconf 91' lang='lat' dir='ltr'><strong>dicit</strong></span> <span class='ocrx_word' id='word_1_168' title='bbox 608 2066 890 2109; x_wconf 88' lang='lat' dir='ltr'><strong>tantummodo</strong></span> <span class='ocrx_word' id='word_1_169' title='bbox 920 2072 1144 2125; x_wconf 89' lang='lat' dir='ltr'><strong>praestare,</strong></span> <span class='ocrx_word' id='word_1_170' title='bbox 1176 2072 1222 2108; x_wconf 93' lang='lat' dir='ltr'><strong>ut</strong></span> <span class='ocrx_word' id='word_1_171' title='bbox 1249 2066 1328 2108; x_wconf 90' lang='lat' dir='ltr'><strong>hoc</strong></span> <span class='ocrx_word' id='word_1_172' title='bbox 1359 2066 1442 2119; x_wconf 88' lang='lat' dir='ltr'><strong>fiat,</strong></span> <span class='ocrx_word' id='word_1_173' title='bbox 1474 2067 1564 2111; x_wconf 90' lang='lat' dir='ltr'><strong>fieri</strong></span> 
     </span>
     <span class='ocr_line' id='line_1_24' title="bbox 178 2144 1564 2204; baseline -0.001 -12"><span class='ocrx_word' id='word_1_174' title='bbox 178 2154 316 2192; x_wconf 79' lang='lat' dir='ltr'><strong>tamen</strong></span> <span class='ocrx_word' id='word_1_175' title='bbox 353 2149 474 2190; x_wconf 89' lang='lat' dir='ltr'><strong>etiam</strong></span> <span class='ocrx_word' id='word_1_176' title='bbox 520 2161 644 2204; x_wconf 91' lang='lat' dir='ltr'><strong>posse</strong></span> <span class='ocrx_word' id='word_1_177' title='bbox 687 2147 954 2197; x_wconf 87' lang='lat' dir='ltr'><strong>contrarium,</strong></span> <span class='ocrx_word' id='word_1_178' title='bbox 1005 2147 1060 2188; x_wconf 88' lang='lat' dir='ltr'><strong>ita</strong></span> <span class='ocrx_word' id='word_1_179' title='bbox 1110 2151 1157 2188; x_wconf 94' lang='lat' dir='ltr'><strong>ut</strong></span> <span class='ocrx_word' id='word_1_180' title='bbox 1208 2144 1415 2188; x_wconf 87' lang='lat' dir='ltr'><strong>interdum</strong></span> <span class='ocrx_word' id='word_1_181' title='bbox 1454 2161 1564 2190; x_wconf 89' lang='lat' dir='ltr'><strong>unus</strong></span> 
     </span>
    </p>
   </div>
   <div class='ocr_carea' id='block_1_3' title="bbox 183 2250 469 2260">
    <p class='ocr_par' dir='ltr' id='par_1_3' title="bbox 183 2250 469 2260">
     <span class='ocr_line' id='line_1_25' title="bbox 183 2250 469 2260; baseline 0 844"><span class='ocrx_word' id='word_1_182' title='bbox 183 2250 469 2260; x_wconf 95' lang='lat' dir='ltr'><strong> </strong></span> 
     </span>
    </p>
   </div>
   <div class='ocr_carea' id='block_1_4' title="bbox 179 2303 1568 2833">
    <p class='ocr_par' dir='ltr' id='par_1_4' title="bbox 276 2303 1318 2353">
     <span class='ocr_line' id='line_1_26' title="bbox 276 2303 1318 2353; baseline -0.005 -11"><span class='ocrx_word' id='word_1_183' title='bbox 276 2306 333 2353; x_wconf 86' lang='lat'><strong>(1)</strong></span> <span class='ocrx_word' id='word_1_184' title='bbox 361 2308 408 2344; x_wconf 72' lang='lat' dir='ltr'><strong>cf.</strong></span> <span class='ocrx_word' id='word_1_185' title='bbox 435 2306 676 2339; x_wconf 38' lang='lat' dir='ltr'><strong>*Vachsmulh</strong></span> <span class='ocrx_word' id='word_1_186' title='bbox 702 2305 846 2340; x_wconf 79' lang='lat' dir='ltr'><strong>Griech.</strong></span> <span class='ocrx_word' id='word_1_187' title='bbox 872 2303 1026 2338; x_wconf 74' lang='lat' dir='ltr'><strong>Alterth.</strong></span> <span class='ocrx_word' id='word_1_188' title='bbox 1054 2304 1093 2345; x_wconf 88' lang='lat' dir='ltr'><strong>l„</strong></span> <span class='ocrx_word' id='word_1_189' title='bbox 1120 2304 1154 2346; x_wconf 93' lang='lat'><strong>1,</strong></span> <span class='ocrx_word' id='word_1_190' title='bbox 1180 2315 1211 2346; x_wconf 82' lang='lat' dir='ltr'><strong>p.</strong></span> <span class='ocrx_word' id='word_1_191' title='bbox 1236 2303 1318 2337; x_wconf 81' lang='lat'><strong>191.</strong></span> 
     </span>
    </p>

    <p class='ocr_par' dir='ltr' id='par_1_5' title="bbox 179 2355 1568 2473">
     <span class='ocr_line' id='line_1_27' title="bbox 280 2355 1568 2411; baseline 0 -11"><span class='ocrx_word' id='word_1_192' title='bbox 280 2369 333 2411; x_wconf 88' lang='grc'><strong>(2)</strong></span> <span class='ocrx_word' id='word_1_193' title='bbox 362 2369 432 2408; x_wconf 82' lang='lat' dir='ltr'><strong>Vl„</strong></span> <span class='ocrx_word' id='word_1_194' title='bbox 458 2368 493 2409; x_wconf 80' lang='lat'><strong>4,</strong></span> <span class='ocrx_word' id='word_1_195' title='bbox 519 2366 555 2402; x_wconf 86' lang='lat'><strong>3.</strong></span> <span class='ocrx_word' id='word_1_196' title='bbox 583 2358 685 2404; x_wconf 66' lang='lat' dir='ltr'><strong>„⁸⁹er</strong></span> <span class='ocrx_word' id='word_1_197' title='bbox 710 2362 752 2398; x_wconf 81' lang='grc' dir='ltr'><strong>δὲ</strong></span> <span class='ocrx_word' id='word_1_198' title='bbox 779 2359 935 2407; x_wconf 79' lang='grc' dir='ltr'>τέτταρα</span> <span class='ocrx_word' id='word_1_199' title='bbox 958 2357 1033 2403; x_wconf 80' lang='grc' dir='ltr'><strong>μέν</strong></span> <span class='ocrx_word' id='word_1_200' title='bbox 1059 2355 1131 2402; x_wconf 74' lang='grc' dir='ltr'><em>ε’ςτι</em></span> <span class='ocrx_word' id='word_1_201' title='bbox 1169 2357 1265 2407; x_wconf 76' lang='grc' dir='ltr'><strong>μέρη</strong></span> <span class='ocrx_word' id='word_1_202' title='bbox 1298 2357 1469 2405; x_wconf 74' lang='grc' dir='ltr'><em>μάλιςτα</em></span> <span class='ocrx_word' id='word_1_203' title='bbox 1492 2363 1568 2399; x_wconf 65' lang='grc' dir='ltr'><strong>τοῦ</strong></span> 
     </span>
     <span class='ocr_line' id='line_1_28' title="bbox 179 2415 1286 2473; baseline -0.007 -10"><span class='ocrx_word' id='word_1_204' title='bbox 179 2421 368 2473; x_wconf 54' lang='grc' dir='ltr'><strong>πλήθους,</strong></span> <span class='ocrx_word' id='word_1_205' title='bbox 393 2421 604 2473; x_wconf 72' lang='grc' dir='ltr'><em>γεωργικόν</em></span> <span class='ocrx_word' id='word_1_206' title='bbox 629 2418 854 2467; x_wconf 74' lang='grc' dir='ltr'><em>βάναυσον,</em></span> <span class='ocrx_word' id='word_1_207' title='bbox 880 2415 1084 2468; x_wconf 81' lang='grc' dir='ltr'><em>οἷγοραῖον.</em></span> <span class='ocrx_word' id='word_1_208' title='bbox 1111 2415 1286 2466; x_wconf 54' lang='grc' dir='ltr'><strong>θητικόν,</strong></span> 
     </span>
    </p>

    <p class='ocr_par' dir='ltr' id='par_1_6' title="bbox 277 2485 1336 2535">
     <span class='ocr_line' id='line_1_29' title="bbox 277 2485 1336 2535; baseline -0.003 -13"><span class='ocrx_word' id='word_1_209' title='bbox 277 2486 335 2535; x_wconf 80' lang='grc'><strong>(3)</strong></span> <span class='ocrx_word' id='word_1_210' title='bbox 363 2489 422 2522; x_wconf 84' lang='lat' dir='ltr'><strong>Ar.</strong></span> <span class='ocrx_word' id='word_1_211' title='bbox 451 2490 524 2531; x_wconf 83' lang='lat' dir='ltr'><strong>pol.</strong></span> <span class='ocrx_word' id='word_1_212' title='bbox 552 2489 636 2530; x_wconf 61' lang='lat' dir='ltr'><strong>vn„</strong></span> <span class='ocrx_word' id='word_1_213' title='bbox 662 2488 696 2529; x_wconf 69' lang='lat'><strong>7,</strong></span> <span class='ocrx_word' id='word_1_214' title='bbox 721 2486 756 2523; x_wconf 82' lang='lat'><strong>5,</strong></span> <span class='ocrx_word' id='word_1_215' title='bbox 783 2487 844 2520; x_wconf 86' lang='lat' dir='ltr'><strong>cll.</strong></span> <span class='ocrx_word' id='word_1_216' title='bbox 872 2485 963 2519; x_wconf 75' lang='lat' dir='ltr'><strong>Plat.</strong></span> <span class='ocrx_word' id='word_1_217' title='bbox 991 2486 1034 2516; x_wconf 84' lang='lat' dir='ltr'><strong>de</strong></span> <span class='ocrx_word' id='word_1_218' title='bbox 1059 2485 1151 2526; x_wconf 71' lang='lat' dir='ltr'><strong>legg,</strong></span> <span class='ocrx_word' id='word_1_219' title='bbox 1175 2485 1248 2522; x_wconf 82' lang='lat' dir='ltr'><strong>Vll.</strong></span> <span class='ocrx_word' id='word_1_220' title='bbox 1276 2486 1336 2519; x_wconf 82' lang='lat' dir='ltr'><strong>fin.</strong></span> 
     </span>
    </p>

    <p class='ocr_par' dir='ltr' id='par_1_7' title="bbox 180 2545 1566 2653">
     <span class='ocr_line' id='line_1_30' title="bbox 277 2545 1566 2595; baseline -0.002 -12"><span class='ocrx_word' id='word_1_221' title='bbox 277 2549 330 2595; x_wconf 86' lang='lat'><strong>(4)</strong></span> <span class='ocrx_word' id='word_1_222' title='bbox 359 2549 421 2585; x_wconf 85' lang='lat' dir='ltr'><strong>Ar.</strong></span> <span class='ocrx_word' id='word_1_223' title='bbox 447 2549 519 2591; x_wconf 83' lang='lat' dir='ltr'><strong>pol.</strong></span> <span class='ocrx_word' id='word_1_224' title='bbox 547 2549 632 2591; x_wconf 70' lang='lat' dir='ltr'><strong>vll„</strong></span> <span class='ocrx_word' id='word_1_225' title='bbox 657 2549 693 2590; x_wconf 79' lang='lat'><strong>9,</strong></span> <span class='ocrx_word' id='word_1_226' title='bbox 718 2548 751 2581; x_wconf 86' lang='lat'><strong>9.</strong></span> <span class='ocrx_word' id='word_1_227' title='bbox 778 2546 842 2579; x_wconf 87' lang='lat' dir='ltr'><strong>cll.</strong></span> <span class='ocrx_word' id='word_1_228' title='bbox 870 2546 962 2580; x_wconf 75' lang='lat' dir='ltr'><strong>mat.</strong></span> <span class='ocrx_word' id='word_1_229' title='bbox 989 2546 1033 2578; x_wconf 79' lang='lat' dir='ltr'><strong>de</strong></span> <span class='ocrx_word' id='word_1_230' title='bbox 1058 2546 1149 2588; x_wconf 75' lang='lat' dir='ltr'><strong>legg,</strong></span> <span class='ocrx_word' id='word_1_231' title='bbox 1179 2545 1248 2588; x_wconf 86' lang='lat' dir='ltr'>v1.‚</span> <span class='ocrx_word' id='word_1_232' title='bbox 1273 2556 1307 2588; x_wconf 78' lang='lat' dir='ltr'><strong>p.</strong></span> <span class='ocrx_word' id='word_1_233' title='bbox 1335 2546 1406 2580; x_wconf 72' lang='lat'><strong><em>‘1⁴17</em></strong></span> <span class='ocrx_word' id='word_1_234' title='bbox 1432 2548 1471 2580; x_wconf 90' lang='lat' dir='ltr'><strong>C.</strong></span> <span class='ocrx_word' id='word_1_235' title='bbox 1499 2546 1566 2587; x_wconf 77' lang='lat' dir='ltr'><strong>Ar,</strong></span> 
     </span>
     <span class='ocr_line' id='line_1_31' title="bbox 180 2609 429 2653; baseline -0.008 -8"><span class='ocrx_word' id='word_1_236' title='bbox 180 2624 307 2649; x_wconf 79' lang='lat' dir='ltr'><strong>oecon.</strong></span> <span class='ocrx_word' id='word_1_237' title='bbox 337 2612 369 2653; x_wconf 89' lang='lat' dir='ltr'><strong>l,</strong></span> <span class='ocrx_word' id='word_1_238' title='bbox 394 2609 429 2644; x_wconf 83' lang='lat'><strong>5.</strong></span> 
     </span>
    </p>

    <p class='ocr_par' dir='ltr' id='par_1_8' title="bbox 278 2668 739 2715">
     <span class='ocr_line' id='line_1_32' title="bbox 278 2668 739 2715; baseline -0.004 -11"><span class='ocrx_word' id='word_1_239' title='bbox 278 2671 332 2715; x_wconf 85' lang='lat'><strong>(5)</strong></span> <span class='ocrx_word' id='word_1_240' title='bbox 361 2670 421 2705; x_wconf 81' lang='lat' dir='ltr'><strong>Ar.</strong></span> <span class='ocrx_word' id='word_1_241' title='bbox 448 2671 521 2713; x_wconf 80' lang='lat' dir='ltr'><strong>pol.</strong></span> <span class='ocrx_word' id='word_1_242' title='bbox 548 2671 618 2711; x_wconf 67' lang='lat' dir='ltr'><strong>vl„</strong></span> <span class='ocrx_word' id='word_1_243' title='bbox 644 2668 678 2710; x_wconf 85' lang='lat'><strong>2,</strong></span> <span class='ocrx_word' id='word_1_244' title='bbox 707 2668 739 2702; x_wconf 89' lang='lat' dir='ltr'><strong>l.</strong></span> 
     </span>
    </p>

    <p class='ocr_par' dir='ltr' id='par_1_9' title="bbox 278 2725 1166 2775">
     <span class='ocr_line' id='line_1_33' title="bbox 278 2725 1166 2775; baseline -0.007 -11"><span class='ocrx_word' id='word_1_245' title='bbox 278 2731 333 2775; x_wconf 80' lang='lat'><strong>(6)</strong></span> <span class='ocrx_word' id='word_1_246' title='bbox 359 2732 409 2765; x_wconf 85' lang='lat' dir='ltr'><strong>lb.</strong></span> <span class='ocrx_word' id='word_1_247' title='bbox 436 2732 496 2772; x_wconf 88' lang='lat' dir='ltr'><strong>ll.,</strong></span> <span class='ocrx_word' id='word_1_248' title='bbox 521 2730 558 2771; x_wconf 87' lang='lat'><strong>4,</strong></span> <span class='ocrx_word' id='word_1_249' title='bbox 587 2727 641 2762; x_wconf 84' lang='lat'><strong>13.</strong></span> <span class='ocrx_word' id='word_1_250' title='bbox 669 2726 734 2763; x_wconf 89' lang='lat' dir='ltr'><strong>cll.</strong></span> <span class='ocrx_word' id='word_1_251' title='bbox 760 2726 855 2764; x_wconf 76' lang='lat' dir='ltr'><strong>Xen.</strong></span> <span class='ocrx_word' id='word_1_252' title='bbox 882 2736 1029 2762; x_wconf 84' lang='lat' dir='ltr'><strong>memor.</strong></span> <span class='ocrx_word' id='word_1_253' title='bbox 1054 2725 1082 2763; x_wconf 73' lang='lat'><strong>1.</strong></span> <span class='ocrx_word' id='word_1_254' title='bbox 1108 2725 1166 2762; x_wconf 85' lang='lat' dir='ltr'><strong>IV.</strong></span> 
     </span>
    </p>

    <p class='ocr_par' dir='ltr' id='par_1_10' title="bbox 281 2784 836 2833">
     <span class='ocr_line' id='line_1_34' title="bbox 281 2784 836 2833; baseline -0.002 -10"><span class='ocrx_word' id='word_1_255' title='bbox 281 2790 335 2833; x_wconf 70' lang='lat'><strong>(⁹¹)</strong></span> <span class='ocrx_word' id='word_1_256' title='bbox 362 2789 426 2826; x_wconf 81' lang='lat' dir='ltr'><strong>Ar.</strong></span> <span class='ocrx_word' id='word_1_257' title='bbox 453 2790 525 2832; x_wconf 76' lang='lat' dir='ltr'><strong>pol.</strong></span> <span class='ocrx_word' id='word_1_258' title='bbox 548 2788 617 2830; x_wconf 62' lang='lat' dir='ltr'><strong>IV„</strong></span> <span class='ocrx_word' id='word_1_259' title='bbox 646 2787 689 2822; x_wconf 77' lang='lat' dir='ltr'><strong>ll</strong></span> <span class='ocrx_word' id='word_1_260' title='bbox 716 2792 751 2821; x_wconf 76' lang='lat' dir='ltr'><strong>et</strong></span> <span class='ocrx_word' id='word_1_261' title='bbox 777 2784 836 2822; x_wconf 84' lang='lat'><strong>12.</strong></span> 
     </span>
    </p>
   </div>
  </div>
 </body>
</html>
