1799 3104
1531 246 1597 297 31

216 409 267 436 ex
290 406 491 434 summae
541 391 649 434 illius
701 390 817 433 ideae
859 393 1000 433 intima
1052 392 1284 453 cognitione
1344 390 1494 432 hausta
1535 404 1599 431 es-

214 476 316 514 sent.
382 469 467 513 Sed
505 472 603 513 satis
654 469 704 513 de
736 484 891 513 summo
923 470 1139 529 proposito
1181 468 1377 511 librorum
1417 468 1602 511 Platonis

215 549 265 591 de
310 550 518 608 republica
562 550 806 592 disseruisse
844 550 942 592 mihi
993 549 1159 599 videor,
1210 549 1397 607 quamvis
1449 546 1604 606 aliquid

212 628 333 674 modo
367 628 502 673 dicere
535 628 632 672 mihi
666 628 837 673 licuerit.

333 1149 375 1194 C.
443 1149 513 1192 De
548 1149 776 1209 singulis
823 1148 1095 1191 elementis
1137 1149 1477 1207 reipublicae

780 1228 1030 1270 Platonis.

330 1338 499 1389 Restat,
532 1343 581 1380 ut
610 1337 661 1379 de
692 1337 942 1395 reipublicae
972 1337 1206 1379 Platonicae
1238 1337 1463 1388 elementis,
1498 1353 1602 1395 quae

211 1416 423 1460 ordinibus
473 1418 648 1459 civitatis
702 1431 926 1474 eorumque
972 1415 1214 1467 virtutibus,
1260 1415 1436 1474 denique
1478 1419 1601 1461 animi

208 1495 393 1556 partibus
427 1497 748 1546 constituuntur,
773 1494 972 1537 nonnulla
1002 1494 1212 1537 addamus.

332 1573 431 1617 Orta
475 1579 542 1619 est
579 1575 718 1615 civitas
763 1588 816 1615 ex
860 1579 1002 1615 mutua
1048 1575 1311 1623 necessitate,
1361 1589 1441 1631 qua
1492 1574 1599 1617 alius

210 1653 312 1696 alius
345 1652 498 1694 auxilio
532 1651 582 1694 ad
611 1651 716 1695 bene
748 1651 969 1694 vivendum
999 1667 1083 1694 non
1104 1658 1268 1710 poterat
1300 1667 1450 1695 carere.
1486 1652 1598 1696 Haec

208 1734 297 1791 ipsa
329 1733 549 1773 necessitas
581 1737 665 1773 tres
699 1731 872 1789 protulit
899 1730 1079 1781 ordines,
1112 1745 1215 1788 quos
1247 1733 1290 1773 in
1320 1733 1481 1774 civitate
1512 1736 1598 1790 pri-

207 1825 317 1853 mum
357 1825 447 1852 esse
494 1808 806 1852 fundamentum
849 1811 1077 1861 cernimus,
1119 1809 1274 1853 scilicet
1321 1809 1482 1854 illorum
1530 1814 1600 1870 qui

207 1894 392 1948 regnant,
427 1888 588 1931 illorum
622 1890 691 1946 qui
725 1890 928 1931 civitatem
953 1894 1124 1931 tuentur
1154 1894 1194 1930 et
1227 1890 1393 1931 omnino
1428 1905 1514 1932 eam
1541 1893 1599 1932 ef-

208 1968 350 2011 ficiunt
382 1974 590 2026 agentem,
634 1983 775 2010 eorum
809 1968 985 2025 denique
1021 1970 1089 2024 qui
1122 1983 1187 2010 res
1221 1968 1272 2009 ad
1302 1970 1426 2010 vitam
1455 1985 1598 2012 neces-

208 2034 334 2089 sarias
353 2052 589 2105 procurant.
645 2046 896 2105 Regnantes,
931 2048 1001 2104 qui
1019 2061 1198 2088 summae
1230 2048 1302 2096 rei,
1336 2061 1440 2104 quae
1461 2054 1598 2091 mente

208 2128 376 2184 cogitari
407 2128 552 2184 possit,
585 2125 808 2185 perfectam
828 2127 1101 2184 cognitionem
1134 2126 1241 2166 nacti
1263 2126 1357 2176 sint,
1392 2126 1434 2168 id
1456 2133 1596 2185 agunt,

207 2210 254 2247 ut
285 2207 495 2247 notionem
537 2207 723 2257 civitatis,
757 2205 916 2263 qualem
948 2205 1066 2246 Plato
1098 2204 1174 2245 sub
1207 2203 1323 2245 ideae
1356 2204 1454 2247 boni
1496 2207 1598 2248 ima-

207 2286 302 2342 gine
346 2283 581 2342 descripsit,
632 2285 853 2328 exhibeant
896 2289 937 2325 et
975 2285 1154 2325 iustitiae
1187 2298 1369 2326 summae
1411 2285 1475 2327 vel
1506 2289 1600 2328 uni-

209 2377 351 2405 versae
383 2364 548 2406 virtutis
576 2365 753 2406 maxime
784 2363 1004 2421 participes
1039 2363 1132 2404 sint.
1197 2361 1435 2421 Regnantes
1478 2367 1603 2423 igitur

210 2443 443 2484 universam
478 2444 681 2484 civitatem
714 2444 882 2498 eiusque
915 2441 1060 2491 ideam,
1095 2447 1141 2483 ut
1175 2443 1230 2483 ita
1259 2442 1401 2497 dicam,
1435 2458 1600 2500 reprae-

210 2525 373 2563 sentant
398 2519 474 2578 (1).
544 2519 614 2563 Ad
644 2519 827 2563 ordinem
857 2534 955 2562 vero
984 2517 1190 2575 φυλάκων,
1233 2521 1380 2578 quibus
1419 2519 1484 2563 est'
1512 2536 1601 2564 res-

208 2599 373 2655 publica
404 2600 577 2652 tuenda,
618 2604 781 2657 praeter
812 2600 941 2657 ipsam
973 2599 1253 2642 defensionem
1285 2606 1425 2641 contra
1465 2603 1602 2643 inimi-

309 2766 365 2814 (1)
400 2772 443 2804 (le
460 2783 532 2816 rep.
562 2772 647 2814 vul,
675 2783 708 2814 p.
734 2769 807 2804 545
832 2771 876 2809 D.
