1799 3104
194 208 268 261 30

195 352 307 411 quod
339 366 543 394 summum
589 352 764 404 bonum,
799 354 1106 397 universitatem
1139 357 1203 398 sui
1238 364 1279 398 et
1312 358 1487 400 civitatis
1520 371 1583 399 sa-

193 431 290 473 lutis
325 430 630 474 existimabant.
696 430 868 474 Causam
900 434 1098 490 perniciei
1131 438 1172 475 et
1187 432 1361 491 perfecti
1394 436 1584 478 interitus

193 511 388 567 propriae
421 509 572 552 indolis
604 509 820 561 Graeciae,
865 512 899 552 si
931 512 973 553 in
1001 514 1239 555 universum
1273 512 1502 570 significare
1535 514 1584 556 li-

195 594 273 640 cet,
305 590 348 631 in
380 591 470 647 ipso
489 589 754 631 humanitatis
784 603 1009 647 progressu
1045 593 1287 635 invenimus.
1353 589 1467 641 Quae
1500 607 1581 650 quo

192 670 322 726 magis
356 669 421 710 sui
462 668 625 710 conscia
666 666 813 718 fiebat3
860 683 942 724 quo
985 672 1115 728 magis
1157 671 1457 729 perspiciebat,
1506 673 1585 713 nisi

193 749 316 789 unius
348 746 526 789 hominis
567 745 790 788 commodis
833 759 924 788 cum
966 749 1159 791 universa
1199 749 1341 791 alicius
1378 750 1584 792 societatis

197 825 329 869 salute
363 840 484 884 quam
516 827 693 868 maxime
727 826 981 876 coniunctis,
1022 841 1159 868 veram
1190 827 1441 885 reipublicae
1476 827 1586 869 salu-

192 911 274 948 tem
307 905 439 946 iuvari
470 918 555 945 non
586 918 734 961 posse-3
766 918 847 962 quo
876 906 1004 962 magis
1031 906 1317 963 unusquisque
1349 904 1400 947 de
1433 907 1583 964 seipso

193 982 410 1041 cogitabat,
443 997 527 1023 non
559 987 762 1039 quatenus
794 997 890 1040 pars
923 988 1033 1025 esset
1078 985 1308 1025 necessaria
1335 983 1585 1041 reipublicae

192 1066 234 1104 et
264 1061 427 1119 generis
463 1060 645 1111 humani,
678 1059 752 1102 sed
785 1066 988 1118 quatenus
1022 1063 1143 1103 etiam
1174 1076 1251 1119 per
1290 1077 1334 1104 se
1370 1066 1479 1104 esset
1510 1061 1583 1103 ali-

191 1139 312 1198 quid:
344 1154 393 1182 eo
426 1139 726 1190 vehementius,
762 1154 809 1181 eo
844 1139 1067 1182 violentius
1086 1145 1257 1182 naturae
1276 1140 1455 1184 Graecae
1484 1155 1583 1198 pro-

189 1220 344 1279 prietas
377 1223 441 1261 est
471 1232 679 1277 percussa.
746 1216 868 1267 Quod
896 1219 958 1259 uti
991 1219 1034 1260 in
1066 1217 1190 1261 rebus
1223 1218 1424 1277 politicis,
1455 1220 1512 1261 ita
1539 1220 1582 1261 in

190 1299 380 1340 omnibus
412 1297 499 1339 fere
530 1298 781 1354 perspicitur
812 1296 951 1347 rebus,
984 1311 1089 1354 quae
1121 1297 1342 1339 humanam
1382 1298 1583 1355 cognitio-

187 1391 280 1420 nem
306 1377 526 1434 attingunt.

311 1454 565 1512 Aperuimus
598 1455 736 1510 itaque
767 1454 966 1510 originem
1006 1455 1136 1511 ipsam
1167 1454 1426 1512 philosopiae
1442 1453 1583 1496 Plato·-

188 1537 326 1585 nicae,
367 1531 687 1591 significavimus
729 1531 965 1583 consilium,
1005 1531 1117 1590 quod
1161 1531 1325 1575 Platoni
1367 1534 1409 1575 in
1452 1532 1582 1584 libris,

189 1615 258 1672 qui
289 1622 386 1656 sunt
426 1610 478 1653 de
515 1610 746 1669 republica,
789 1613 1050 1669 propositum
1089 1611 1203 1654 erat?
1276 1609 1385 1661 Quid
1426 1611 1583 1670 igitur?

188 1692 355 1735 Veteris
389 1690 639 1733 Graecorum
672 1691 951 1747 ingenuitatiS,
980 1695 1212 1747 temporum
1236 1689 1397 1732 illorum
1429 1689 1583 1732 iamdiu

188 1770 528 1830 praeteritarum,
570 1767 720 1826 quibus
761 1767 1004 1811 nobilissimi
1044 1766 1251 1826 iidemque
1285 1769 1429 1826 optimi
1461 1772 1582 1826 atque

188 1846 530 1908 praestantissimi
563 1848 736 1888 civitatis
769 1845 1047 1904 gubernacula
1077 1846 1295 1898 tenebant,
1342 1846 1581 1905 aequalibus

189 1943 287 1971 suae
331 1928 476 1970 aetatis
518 1927 755 1968 memoriam
805 1925 968 1968 volebat
1006 1926 1288 1985 redintegrare
1328 1932 1368 1968 et
1411 1925 1581 1968 demon-

190 2011 332 2056 strare,
366 2004 483 2046 ideae
516 2003 728 2047 absolutae
764 2013 968 2046 summum
995 2006 1176 2046 omnium
1208 2006 1387 2062 partium
1407 2019 1579 2047 consen-

189 2100 280 2127 sum
312 2083 609 2141 complexantis
643 2084 685 2124 in
716 2082 966 2140 reipublicae
998 2084 1286 2134 universitate,
1326 2085 1369 2125 in
1408 2082 1581 2142 agendo,

189 2165 230 2205 in
263 2162 494 2220 cogitando,
528 2162 739 2220 exemplar
772 2164 882 2205 cerni
914 2168 1118 2221 oportere,
1180 2162 1385 2206 Poscebat
1414 2169 1462 2205 ut
1494 2178 1581 2205 om-

188 2256 263 2284 nes
294 2255 361 2283 res
397 2246 557 2299 gestae,
597 2246 645 2283 ut
684 2243 819 2284 omnia
859 2243 1114 2300 excogitata,
1149 2244 1284 2285 omnia
1313 2241 1453 2291 effata,
1496 2255 1581 2283 non

188 2321 313 2365 modo
358 2335 408 2362 ex
448 2322 644 2363 interiore
686 2319 913 2371 desiderio,
959 2320 1070 2379 quod
1095 2325 1199 2375 ἦθος
1230 2320 1401 2370 dicitur,
1432 2334 1486 2362 ex
1517 2320 1579 2362 in-

190 2401 285 2443 dole
326 2404 498 2442 naturae
538 2401 698 2449 innata,
741 2399 813 2441 sed
846 2399 957 2457 quod
989 2400 1119 2442 multo
1154 2399 1367 2441 sublimius
1401 2398 1577 2449 videtur,

189 2549 282 2579 vinae
307 2549 464 2580 fructum
490 2547 679 2588 habebant,
707 2548 744 2579 in
770 2548 845 2590 ipsa
872 2548 1099 2590 philosophia
1126 2547 1166 2577 in
1192 2556 1312 2578 rerum
1327 2547 1577 2579 obscuritatem

191 2609 349 2639 abstrusa
374 2609 508 2639 formae
543 2609 742 2640 claritatem
768 2610 1017 2650 protulerunt,
1044 2613 1086 2639 ut
1111 2608 1178 2638 hae
1204 2607 1349 2649 relicla,
1387 2619 1406 2640 a
1434 2619 1497 2641 suo
1524 2609 1578 2650 ip-

190 2679 310 2701 sorum
336 2668 410 2698 sere
443 2670 588 2707 ingenio
624 2670 861 2701 ‹lt-sciscerent
895 2675 929 2700 et
965 2670 1079 2708 magis
1114 2669 1271 2699 humane
1298 2679 1402 2710 quam
1441 2669 1577 2702 Graece

187 2728 558 2772 plnilosopharentur.”
