1799 3104
206 267 275 318 66

207 409 372 468 quidam
404 409 529 451 homo
564 408 705 459 miles,
750 408 927 466 agricola
969 413 1011 452 et
1042 407 1195 452 artifex
1234 422 1325 463 esse
1364 412 1497 469 possit
1514 408 1599 465 (1).

204 487 380 533 Ultimae
411 487 506 532 illae
535 493 675 548 partes
694 487 802 531 illam
834 489 964 547 ipsam
993 493 1318 548 repraesentant,
1350 503 1472 548 quam
1504 489 1601 533 dicit

208 569 414 612 πολιτείαν
442 567 533 625 (2),
583 570 713 626 ipsam
766 568 940 610 civitatis
985 571 1198 625 ἐνέργειαν,
1255 582 1356 626 quas
1403 570 1461 612 sic
1507 569 1599 612 illu-

206 653 332 699 strat,
373 653 421 690 ut
460 661 545 690 non
587 646 638 689 de
682 648 837 704 optima
879 646 1131 705 reipublicae
1183 646 1314 690 forma
1359 646 1484 690 modo
1532 662 1600 691 co-

204 728 328 784 gitet,
373 725 448 767 sed
487 739 629 767 omnes
669 730 764 766 ante
801 724 944 767 oculos
985 719 1147 768 habeat.
1212 725 1404 768 Ceterum
1442 738 1602 767 summa

204 818 297 847 cum
329 802 556 848 subtilitate
587 804 630 846 in
667 817 809 846 omnes
842 817 909 846 res
938 804 1129 862 inquirit,
1172 818 1276 862 quae
1320 802 1372 847 ad
1402 802 1512 849 illam
1545 804 1600 846 ci-

204 885 343 927 vitatis
378 887 569 939 ἐνέργειαν
604 875 816 941 spectant,
858 880 910 925 de
941 881 1092 940 quibus
1122 881 1358 942 singulatim
1391 881 1602 941 disputare

204 978 227 1005 a
278 962 637 1005 commentationis
688 966 856 1005 nostrae
901 961 1082 1023 ‘consilio
1133 960 1339 1006 abhorret.
1418 961 1601 1006 Maxime

203 1056 303 1084 vero
337 1039 504 1084 ordines
538 1040 791 1099 reipublicae
818 1040 1087 1084 Aristoteliae
1119 1056 1141 1084 a
1182 1040 1406 1085 Platonicis
1450 1039 1602 1083 diversi

203 1125 313 1166 sunt.
376 1117 522 1177 Neque
556 1120 664 1162 enim
703 1118 822 1163 Plato
861 1121 906 1162 in
945 1121 1147 1163 rationem
1184 1119 1392 1178 politicam
1432 1119 1602 1176 inquirit

206 1214 341 1257 exque
372 1212 421 1240 ea
453 1212 648 1249 munera,
681 1197 831 1256 quibus
861 1198 1035 1256 quisque
1062 1197 1282 1256 fungatur,
1330 1197 1497 1248 tribuit3
1528 1195 1603 1240 sed

204 1284 303 1322 sunt
332 1277 377 1320 hi
410 1277 585 1319 civitatis
617 1275 785 1319 ordines
818 1276 1018 1319 elementa
1050 1291 1103 1318 ex
1134 1277 1264 1334 ipsius
1295 1276 1419 1318 animi
1449 1280 1601 1318 natura

202 1356 429 1414 depromta.
493 1352 682 1396 Virtutes
715 1368 837 1405 vero,
882 1369 983 1412 quas
1017 1353 1235 1405 describit,
1267 1368 1359 1397 cum
1384 1352 1598 1397 ordinibus

202 1432 419 1477 individua
453 1431 630 1490 quadam
662 1432 829 1475 Unitate
861 1434 1104 1475 coniunctae
1149 1438 1266 1484 sunt,
1308 1437 1350 1475 et
1388 1446 1470 1491 quo
1503 1446 1600 1475 con—

204 1518 286 1556 stet
317 1512 441 1554 animi
462 1512 642 1568 partium
662 1514 843 1568 ἐνέργεια,
879 1511 1089 1554 exhibent.
1154 1510 1265 1555 Sunt
1296 1509 1600 1569 quodammodo

202 1590 312 1642 ἕξεις,
345 1591 553 1632 internum
587 1590 761 1632 civitatis
789 1588 1117 1633 fundamentum.
1188 1587 1292 1633 Nam
1337 1604 1428 1633 cum
1462 1588 1601 1632 nullus

205 1684 360 1720 eorum,
391 1670 461 1726 qui
494 1673 589 1711 ante
620 1668 836 1711 Platonem
878 1668 1161 1726 philosophati
1191 1674 1309 1719 sunt,
1353 1667 1405 1710 de
1438 1668 1601 1710 civitate

205 1750 263 1790 sic
296 1747 508 1805 cogitaret,
541 1751 590 1789 ut
623 1747 712 1789 eius
745 1749 936 1803 ἐνέργειαν
965 1761 1019 1790 ex
1035 1752 1183 1791 natura
1199 1748 1323 1790 animi
1354 1745 1600 1805 explicaret3

204 1826 324 1869 Plato
365 1824 478 1866 haud
518 1824 643 1866 dubie
682 1826 835 1881 optime
877 1825 928 1867 de
969 1825 1234 1883 philosophia
1273 1826 1444 1875 meruit,
1488 1822 1601 1880 quod

207 1918 346 1947 veram
378 1903 461 1944 vim
503 1903 711 1945 societatis
744 1903 937 1961 politicae
977 1909 1071 1947 ante
1113 1903 1254 1947 oculos
1286 1904 1440 1962 posuit.
1502 1901 1600 1946 Ari-

211 1982 384 2026 stoteles
411 1985 559 2040 postea
592 1981 761 2024 alteram
791 1987 952 2040 partem
986 1982 1197 2025 doctrinae
1228 1982 1444 2042 politicae»,
1474 1986 1601 2024 artem

207 2053 383 2105 civitatis
414 2059 622 2119 regendae
659 2065 700 2102 et
736 2059 1085 2105 administrandae
1123 2061 1285 2105 adiecit.
1348 2060 1466 2120 Ipsos
1508 2061 1598 2119 qui·-

206 2140 299 2184 dem
338 2138 527 2189 ordines,
572 2138 804 2182 cuiusmodi
842 2141 926 2183 sint
971 2146 1013 2183 et
1035 2145 1037 2148 ’
1058 2140 1159 2200 quid
1198 2142 1247 2184 iis
1287 2139 1499 2200 agendum·
1531 2141 1598 2191 sit,

205 2235 289 2262 non
321 2220 419 2261 satis
454 2217 665 2269 distinxit3
698 2232 833 2277 neque
867 2220 939 2277 qui
972 2221 1055 2263 sint
1085 2219 1165 2271 illi,
1200 2234 1305 2278 quos
1337 2220 1599 2278 magistratus

206 2297 318 2340 dicit.
384 2295 470 2340 Sed
498 2296 578 2339 hoc
611 2301 693 2339 tam
733 2303 922 2340 accurate
961 2297 1159 2342 exhibere
1194 2297 1330 2341 noluit
1367 2297 1448 2347 hoc
1478 2296 1597 2348 libro,

204 2377 360 2433 quippe
400 2377 516 2418 cuius
558 2374 775 2418 consilium
815 2377 859 2419 in
899 2390 948 2419 eo
989 2381 1099 2420 esset
1138 2377 1341 2435 positum,
1381 2380 1430 2417 ut
1465 2374 1599 2418 ideam

205 2454 381 2496 civitatis
425 2454 696 2496 constitueret
735 2459 776 2496 et
816 2454 998 2513 singulas
1049 2454 1247 2513 quasdam
1287 2452 1597 2498 observationes

203 2531 255 2575 ad
283 2547 371 2575 rem
405 2531 613 2590 politicam
642 2538 877 2591 spectantes
906 2538 1183 2593 expromeret.
1248 2531 1437 2578 Secernit
1461 2539 1598 2578 tamen

300 2719 356 2766 (1)
381 2722 452 2762 1v.‚
477 2720 513 2763 a,
540 2721 597 2755 1⁵.

300 2779 356 2825 (2)
383 2780 454 2817 m..
483 2780 520 2821 1,
548 2781 582 2814 1.
610 2778 645 2822 4,
674 2779 709 2814 1.
735 2778 773 2822 5,
802 2781 835 2815 ι.
861 2780 931 2822 1v.‚
959 2780 993 2823 1,
1019 2778 1055 2817 5.
1080 2780 1115 2823 a,
1141 2780 1177 2817 3.
1206 2782 1263 2825 ιι,
1291 2782 1324 2819 ι.
