1799 3104
251 241 321 292 40

249 386 394 444 Neque
424 400 522 427 vero
566 386 645 427 ista
678 385 947 434 conscientia,
990 399 1092 442 quae
1133 386 1283 427 sensim
1324 388 1365 429 in
1407 386 1640 430 hominibus

250 471 337 507 tum
369 466 569 522 temporis
600 464 858 514 incitabatur,
892 464 933 505 iu
967 463 1199 506 civitatibus
1219 463 1399 516 Graecis,
1434 480 1539 523 quae
1570 479 1640 507 ve-

248 547 317 584 tus
347 548 435 585 erat
468 542 663 584 divinitus
698 543 746 584 iis
788 543 930 584 innata
973 543 1102 586 virtus
1147 547 1187 584 et
1227 544 1480 601 proprietas3
1522 558 1641 602 quam

249 623 293 663 in
322 621 533 679 republica
561 620 747 663 Platonis
788 622 1000 663 verissime
1041 621 1286 680 descriptam
1319 621 1515 680 legimus,
1557 638 1641 665 ma-

248 698 434 742 nifestari
476 700 625 757 potuit.
699 697 786 742 Sed
823 700 902 742 ista
951 701 1203 743 conscientia
1242 701 1409 744 incitata
1448 699 1642 744 Graeciae

250 785 290 820 et
332 777 584 821 Graecorum
625 779 819 821 interitus
860 776 1030 821 effectus
1083 785 1144 821 est
1162 778 1238 837 (1).
1320 777 1465 837 Neque
1506 785 1642 822 tamen

248 857 492 909 discrimen,
542 857 654 915 quod
690 859 863 900 interest
902 859 1011 900 inter
1050 858 1232 916 priorem
1282 863 1324 900 et
1370 859 1642 916 posteriorem

246 936 443 979 historiae
476 935 657 979 Graecae
686 941 858 979 aetatem
892 936 1022 979 ullum
1056 935 1237 996 effugiet.
1301 936 1374 980 Illa
1407 938 1514 980 enim
1541 938 1641 980 ima-

246 1017 383 1073 ginem
425 1014 631 1073 quandam
682 1017 770 1058 eius
806 1015 1060 1074 reipublicae
1110 1018 1315 1067 notionis,
1365 1031 1486 1074 quam
1523 1015 1641 1059 Plato

247 1096 292 1136 in
323 1093 439 1137 libris
474 1093 525 1136 de
565 1093 779 1152 republica
818 1094 937 1137 nobis
979 1093 1170 1145 tradidit,
1206 1094 1395 1146 exhibet;
1427 1094 1528 1137 haec
1542 1108 1641 1136 vero

243 1187 426 1231 pugnam
459 1188 533 1215 seu
566 1178 773 1216 certamen
801 1174 910 1215 inter
942 1171 1305 1224 eamlffiertatem,
1341 1188 1421 1231 qua
1446 1178 1641 1216 externae

244 1251 358 1310 leges
387 1251 548 1309 legibus
583 1251 727 1295 ethicis
766 1252 888 1310 plane
920 1250 1106 1294 sublatae
1140 1257 1275 1303 erant,
1317 1257 1358 1295 et
1400 1266 1488 1295 eam
1521 1266 1641 1311 quam

245 1331 396 1389 singuli
428 1331 616 1373 homines
650 1331 728 1374 sibi
759 1331 968 1373 vindicare
996 1330 1211 1382 volebant,
1264 1336 1308 1373 ut
1341 1332 1481 1374 civitas
1512 1331 1641 1374 libera

248 1415 289 1451 et
320 1409 423 1451 felix
443 1424 536 1451 esse
565 1415 722 1466 posset,
753 1408 874 1451 nobis
895 1408 1087 1451 delineat.
1153 1408 1242 1451 Hoc
1267 1410 1403 1466 ipsum
1437 1414 1640 1452 certamen

249 1490 358 1530 inter
385 1493 567 1531 veterem
601 1493 642 1530 et
674 1489 783 1535 inter
814 1502 916 1539 eam,
952 1502 1056 1545 quae
1088 1488 1311 1545 posteriori
1336 1493 1470 1531 aetate
1494 1489 1638 1547 viguit,

248 1569 423 1609 civitatis
465 1566 601 1608 ideam
633 1568 676 1608 in
708 1565 948 1608 Aristotelis
983 1565 1034 1607 de
1066 1565 1135 1606 illa
1168 1565 1354 1608 doctrina
1381 1567 1637 1625 exprimitur.

244 1644 471 1704 Utriusque
512 1646 640 1704 igitur
681 1644 734 1688 de
764 1644 830 1687 his
855 1643 979 1688 rebus
1014 1645 1243 1688 sententiae
1273 1660 1321 1688 eo
1350 1651 1460 1689 arcte
1492 1644 1639 1689 cohae—

243 1730 358 1776 rent,
402 1724 516 1782 quod
554 1724 624 1766 ille
664 1723 894 1766 absolutam
937 1725 1110 1766 civitatis
1150 1730 1191 1766 et
1241 1739 1401 1768 morum
1447 1725 1639 1784 principii

242 1803 503 1847 Identitatem
554 1804 795 1861 proposuit3
848 1802 1096 1845 Aristoteles
1149 1817 1245 1845 vero
1296 1805 1353 1845 ita
1401 1803 1637 1862 disputavit,

241 1888 289 1924 ut
322 1887 461 1925 vetere
495 1883 691 1939 opinione
724 1897 809 1924 non
841 1881 985 1924 relicta
1015 1886 1239 1939 utrumque
1267 1883 1517 1941 coniungere
1550 1887 1637 1925 stu-

241 1960 371 2003 deret.
435 1958 582 2017 Neque
605 1962 649 2002 in
676 1960 852 2001 Platone
884 1958 1119 2016 frequentia
1146 1961 1320 2018 vestigia
1352 1962 1439 2003 eius
1470 1961 1531 2002 rei
1554 1974 1637 2003 non

243 2040 485 2098 reperimus,
521 2037 634 2096 quod
666 2038 921 2081 haesitanter
950 2038 1075 2081 modo
1108 2039 1357 2098 singularem
1397 2040 1521 2082 unius
1559 2039 1635 2083 ho-

241 2120 364 2160 minis
394 2117 628 2160 libertatem
660 2119 964 2175 impugnaverit
996 2122 1037 2160 et
1063 2119 1354 2176 suppresserit.
1418 2117 1636 2168 Quaecun-

242 2213 322 2254 que
351 2198 478 2255 igitur
508 2198 617 2240 inter
646 2196 862 2239 Platonem
897 2201 938 2239 et
969 2196 1236 2239 Aristotelem
1279 2197 1330 2240 de
1361 2197 1539 2255 politicis
1568 2212 1635 2240 re-

240 2275 319 2317 bus
353 2284 517 2317 exstare
549 2274 740 2317 videatur
764 2276 1061 2317 sententiarum
1096 2274 1325 2324 diversitas,
1357 2279 1467 2317 arcte
1498 2280 1634 2317 tamen

243 2369 310 2395 eas
346 2353 566 2396 cohaerere
597 2368 770 2411 seseque
801 2355 976 2396 invicem
1010 2354 1130 2395 inniti
1162 2353 1305 2411 negari
1320 2354 1476 2410 nequit.
1512 2351 1635 2403 Quod

237 2440 284 2473 ut
314 2431 579 2489 intelligatur,
612 2437 706 2475 ante
739 2433 876 2475 omnia
907 2433 949 2474 in
974 2433 1179 2475 civitatem
1211 2431 1493 2474 Aristoteliam
1523 2432 1632 2474 eius-

236 2526 316 2569 que
359 2524 464 2569 quae
507 2512 721 2554 constituit
764 2512 897 2569 prima
943 2510 1166 2562 elementa,
1216 2511 1443 2554 accuratius
1495 2511 1630 2568 inqui-

236 2603 385 2631 ramus.

334 2698 389 2742 (1)
423 2699 537 2739 Hegei
574 2701 818 2743 Vorlesungen
853 2703 943 2734 iiber
968 2702 1027 2734 (lie
1056 2701 1271 2734 Geschichte
1300 2700 1363 2732 ‹lei-
1387 2699 1629 2743 Philosophie,

238 2769 260 2794 ι.
289 2761 330 2794 n.
360 2755 459 2804 (opp.
488 2763 511 2796 t.
539 2757 651 2801 xlv).
679 2770 755 2803 pag.
782 2760 866 2795 288.
