<?xml version="1.0" encoding="UTF-8"?>
<!DOCTYPE html PUBLIC "-//W3C//DTD XHTML 1.0 Transitional//EN"
    "http://www.w3.org/TR/xhtml1/DTD/xhtml1-transitional.dtd">
<html xmlns="http://www.w3.org/1999/xhtml" xml:lang="en" lang="en">
 <head>
  <title>
</title>
<meta http-equiv="Content-Type" content="text/html;charset=utf-8" />
  <meta name='ocr-system' content='tesseract 3.04.00' />
  <meta name='ocr-capabilities' content='ocr_page ocr_carea ocr_par ocr_line ocrx_word'/>
</head>
<body>
  <div class='ocr_page' id='page_1' title='image "4737182_0043.png"; bbox 0 0 1799 3104; ppageno 0'>
   <div class='ocr_carea' id='block_1_1' title="bbox 1503 254 1571 304">
    <p class='ocr_par' dir='ltr' id='par_1_1' title="bbox 1503 254 1571 304">
     <span class='ocr_line' id='line_1_1' title="bbox 1503 254 1571 304; baseline -0.015 0"><span class='ocrx_word' id='word_1_1' title='bbox 1503 254 1571 304; x_wconf 82' lang='lat'>35</span> 
     </span>
    </p>
   </div>
   <div class='ocr_carea' id='block_1_2' title="bbox 186 398 1586 1481">
    <p class='ocr_par' dir='ltr' id='par_1_2' title="bbox 186 398 1586 1481">
     <span class='ocr_line' id='line_1_2' title="bbox 186 398 1576 464; baseline -0.009 -12"><span class='ocrx_word' id='word_1_2' title='bbox 186 410 300 453; x_wconf 85' lang='lat' dir='ltr'>Haec</span> <span class='ocrx_word' id='word_1_3' title='bbox 334 407 476 457; x_wconf 86' lang='lat' dir='ltr'>virtus,</span> <span class='ocrx_word' id='word_1_4' title='bbox 511 420 632 464; x_wconf 84' lang='lat' dir='ltr'>quam</span> <span class='ocrx_word' id='word_1_5' title='bbox 650 404 846 447; x_wconf 82' lang='lat' dir='ltr'>iustitiam</span> <span class='ocrx_word' id='word_1_6' title='bbox 886 401 1100 461; x_wconf 71' lang='lat' dir='ltr'>perhibet,</span> <span class='ocrx_word' id='word_1_7' title='bbox 1143 399 1244 441; x_wconf 81' lang='lat' dir='ltr'>adeo</span> <span class='ocrx_word' id='word_1_8' title='bbox 1289 398 1478 441; x_wconf 89' lang='lat' dir='ltr'>omnibus</span> <span class='ocrx_word' id='word_1_9' title='bbox 1512 402 1576 439; x_wconf 87' lang='lat' dir='ltr'>est</span> 
     </span>
     <span class='ocr_line' id='line_1_3' title="bbox 189 477 1575 539; baseline -0.008 -10"><span class='ocrx_word' id='word_1_10' title='bbox 189 488 330 537; x_wconf 80' lang='lat' dir='ltr'>insi-ta,</span> <span class='ocrx_word' id='word_1_11' title='bbox 379 490 425 527; x_wconf 87' lang='lat' dir='ltr'>ut</span> <span class='ocrx_word' id='word_1_12' title='bbox 466 485 586 528; x_wconf 84' lang='lat' dir='ltr'>etiam</span> <span class='ocrx_word' id='word_1_13' title='bbox 628 483 883 526; x_wconf 87' lang='lat' dir='ltr'>iniustissimi</span> <span class='ocrx_word' id='word_1_14' title='bbox 924 481 1098 539; x_wconf 84' lang='lat' dir='ltr'>quique,</span> <span class='ocrx_word' id='word_1_15' title='bbox 1142 479 1165 520; x_wconf 89' lang='grc' dir='ltr'>ἰ.</span> <span class='ocrx_word' id='word_1_16' title='bbox 1210 491 1244 520; x_wconf 84' lang='lat' dir='ltr'>e.</span> <span class='ocrx_word' id='word_1_17' title='bbox 1289 477 1358 535; x_wconf 89' lang='lat' dir='ltr'>qui</span> <span class='ocrx_word' id='word_1_18' title='bbox 1387 481 1575 520; x_wconf 85' lang='lat' dir='ltr'>naturam</span> 
     </span>
     <span class='ocr_line' id='line_1_4' title="bbox 189 555 1576 622; baseline -0.01 -14"><span class='ocrx_word' id='word_1_19' title='bbox 189 581 303 608; x_wconf 87' lang='lat' dir='ltr'>suam</span> <span class='ocrx_word' id='word_1_20' title='bbox 337 563 588 622; x_wconf 81' lang='lat' dir='ltr'>supergressi</span> <span class='ocrx_word' id='word_1_21' title='bbox 618 577 683 604; x_wconf 87' lang='lat' dir='ltr'>res</span> <span class='ocrx_word' id='word_1_22' title='bbox 709 561 758 603; x_wconf 81' lang='lat' dir='ltr'>ab</span> <span class='ocrx_word' id='word_1_23' title='bbox 795 577 841 603; x_wconf 85' lang='lat' dir='ltr'>ea</span> <span class='ocrx_word' id='word_1_24' title='bbox 871 561 1024 602; x_wconf 88' lang='lat' dir='ltr'>alienas</span> <span class='ocrx_word' id='word_1_25' title='bbox 1047 563 1188 615; x_wconf 71' lang='lat' dir='ltr'>agunt,</span> <span class='ocrx_word' id='word_1_26' title='bbox 1220 561 1374 598; x_wconf 85' lang='lat' dir='ltr'>tantam</span> <span class='ocrx_word' id='word_1_27' title='bbox 1398 555 1576 596; x_wconf 83' lang='lat' dir='ltr'>habeant</span> 
     </span>
     <span class='ocr_line' id='line_1_5' title="bbox 190 630 1577 701; baseline -0.006 -17"><span class='ocrx_word' id='word_1_28' title='bbox 190 643 369 686; x_wconf 85' lang='lat' dir='ltr'>iustitiae</span> <span class='ocrx_word' id='word_1_29' title='bbox 398 646 570 701; x_wconf 83' lang='lat' dir='ltr'>partem,</span> <span class='ocrx_word' id='word_1_30' title='bbox 603 644 652 683; x_wconf 85' lang='lat' dir='ltr'>ut</span> <span class='ocrx_word' id='word_1_31' title='bbox 667 638 767 683; x_wconf 91' lang='lat' dir='ltr'>nihil</span> <span class='ocrx_word' id='word_1_32' title='bbox 785 637 948 691; x_wconf 74' lang='lat' dir='ltr'>faciant,</span> <span class='ocrx_word' id='word_1_33' title='bbox 981 652 1062 696; x_wconf 86' lang='lat' dir='ltr'>quo</span> <span class='ocrx_word' id='word_1_34' title='bbox 1097 634 1278 694; x_wconf 88' lang='lat' dir='ltr'>sibiipsi</span> <span class='ocrx_word' id='word_1_35' title='bbox 1309 638 1485 678; x_wconf 85' lang='lat' dir='ltr'><strong>noceant</strong></span> <span class='ocrx_word' id='word_1_36' title='bbox 1500 630 1577 690; x_wconf 89' lang='lat'>(1).</span> 
     </span>
     <span class='ocr_line' id='line_1_6' title="bbox 191 710 1579 776; baseline -0.009 -12"><span class='ocrx_word' id='word_1_37' title='bbox 191 720 304 772; x_wconf 88' lang='lat' dir='ltr'><strong>Quae</strong></span> <span class='ocrx_word' id='word_1_38' title='bbox 341 722 521 764; x_wconf 87' lang='lat' dir='ltr'>iustitiae</span> <span class='ocrx_word' id='word_1_39' title='bbox 569 721 682 762; x_wconf 91' lang='lat' dir='ltr'>notio</span> <span class='ocrx_word' id='word_1_40' title='bbox 714 717 776 776; x_wconf 88' lang='lat'>(2)</span> <span class='ocrx_word' id='word_1_41' title='bbox 819 718 871 759; x_wconf 83' lang='lat' dir='ltr'>ad</span> <span class='ocrx_word' id='word_1_42' title='bbox 912 732 1053 759; x_wconf 88' lang='lat' dir='ltr'>omnes</span> <span class='ocrx_word' id='word_1_43' title='bbox 1094 717 1267 757; x_wconf 81' lang='lat' dir='ltr'>virtutes</span> <span class='ocrx_word' id='word_1_44' title='bbox 1308 713 1486 769; x_wconf 86' lang='lat' dir='ltr'>ideoque</span> <span class='ocrx_word' id='word_1_45' title='bbox 1527 710 1579 753; x_wconf 87' lang='lat' dir='ltr'>ad</span> 
     </span>
     <span class='ocr_line' id='line_1_7' title="bbox 193 791 1578 857; baseline -0.007 -15"><span class='ocrx_word' id='word_1_46' title='bbox 193 814 333 842; x_wconf 89' lang='lat' dir='ltr'>omnes</span> <span class='ocrx_word' id='word_1_47' title='bbox 366 812 531 857; x_wconf 88' lang='lat' dir='ltr'>quoque</span> <span class='ocrx_word' id='word_1_48' title='bbox 563 797 749 840; x_wconf 89' lang='lat' dir='ltr'>homines</span> <span class='ocrx_word' id='word_1_49' title='bbox 781 793 986 839; x_wconf 83' lang='lat' dir='ltr'>referatur</span> <span class='ocrx_word' id='word_1_50' title='bbox 1016 808 1184 838; x_wconf 91' lang='lat' dir='ltr'>necesse</span> <span class='ocrx_word' id='word_1_51' title='bbox 1220 798 1294 836; x_wconf 85' lang='lat' dir='ltr'>est..</span> <span class='ocrx_word' id='word_1_52' title='bbox 1368 791 1441 834; x_wconf 85' lang='lat' dir='ltr'>Est</span> <span class='ocrx_word' id='word_1_53' title='bbox 1471 791 1578 833; x_wconf 87' lang='lat' dir='ltr'>enim</span> 
     </span>
     <span class='ocr_line' id='line_1_8' title="bbox 190 870 1581 931; baseline -0.006 -12"><span class='ocrx_word' id='word_1_54' title='bbox 190 878 259 926; x_wconf 77' lang='lat' dir='ltr'>illa</span> <span class='ocrx_word' id='word_1_55' title='bbox 288 883 503 919; x_wconf 84' lang='lat' dir='ltr'>externum</span> <span class='ocrx_word' id='word_1_56' title='bbox 526 875 747 925; x_wconf 85' lang='lat' dir='ltr'>vinculum,</span> <span class='ocrx_word' id='word_1_57' title='bbox 780 889 861 931; x_wconf 92' lang='lat' dir='ltr'>quo</span> <span class='ocrx_word' id='word_1_58' title='bbox 895 873 1079 931; x_wconf 83' lang='lat' dir='ltr'>singulae</span> <span class='ocrx_word' id='word_1_59' title='bbox 1105 872 1279 913; x_wconf 86' lang='lat' dir='ltr'>civitatis</span> <span class='ocrx_word' id='word_1_60' title='bbox 1303 875 1441 928; x_wconf 85' lang='lat' dir='ltr'>partes</span> <span class='ocrx_word' id='word_1_61' title='bbox 1473 870 1581 911; x_wconf 78' lang='lat' dir='ltr'>inter</span> 
     </span>
     <span class='ocr_line' id='line_1_9' title="bbox 192 949 1579 1012; baseline -0.005 -15"><span class='ocrx_word' id='word_1_62' title='bbox 192 970 236 997; x_wconf 91' lang='lat' dir='ltr'>se</span> <span class='ocrx_word' id='word_1_63' title='bbox 269 956 586 1012; x_wconf 84' lang='lat' dir='ltr'>coniunguntur,</span> <span class='ocrx_word' id='word_1_64' title='bbox 620 968 701 1011; x_wconf 91' lang='lat' dir='ltr'>quo</span> <span class='ocrx_word' id='word_1_65' title='bbox 732 952 780 995; x_wconf 88' lang='lat' dir='ltr'>fit</span> <span class='ocrx_word' id='word_1_66' title='bbox 811 952 912 996; x_wconf 86' lang='lat' dir='ltr'>Una.</span> <span class='ocrx_word' id='word_1_67' title='bbox 977 951 1067 1001; x_wconf 82' lang='lat' dir='ltr'>Qua</span> <span class='ocrx_word' id='word_1_68' title='bbox 1106 966 1150 994; x_wconf 87' lang='lat' dir='ltr'>re</span> <span class='ocrx_word' id='word_1_69' title='bbox 1183 949 1364 1009; x_wconf 83' lang='lat' dir='ltr'>singulas</span> <span class='ocrx_word' id='word_1_70' title='bbox 1404 950 1579 991; x_wconf 84' lang='lat' dir='ltr'>virtutes</span> 
     </span>
     <span class='ocr_line' id='line_1_10' title="bbox 194 1026 1579 1081; baseline -0.004 -6"><span class='ocrx_word' id='word_1_71' title='bbox 194 1031 548 1076; x_wconf 84' lang='lat' dir='ltr'>considerantibus</span> <span class='ocrx_word' id='word_1_72' title='bbox 579 1046 703 1073; x_wconf 85' lang='lat' dir='ltr'>unam</span> <span class='ocrx_word' id='word_1_73' title='bbox 735 1032 822 1072; x_wconf 86' lang='lat' dir='ltr'>sine</span> <span class='ocrx_word' id='word_1_74' title='bbox 854 1030 981 1072; x_wconf 86' lang='lat' dir='ltr'>altera</span> <span class='ocrx_word' id='word_1_75' title='bbox 1009 1030 1110 1072; x_wconf 88' lang='lat' dir='ltr'>nihil</span> <span class='ocrx_word' id='word_1_76' title='bbox 1143 1045 1246 1081; x_wconf 78' lang='lat' dir='ltr'>esse,</span> <span class='ocrx_word' id='word_1_77' title='bbox 1281 1031 1403 1070; x_wconf 91' lang='lat' dir='ltr'>immo</span> <span class='ocrx_word' id='word_1_78' title='bbox 1434 1026 1486 1070; x_wconf 86' lang='lat' dir='ltr'>ad</span> <span class='ocrx_word' id='word_1_79' title='bbox 1517 1029 1579 1069; x_wconf 89' lang='lat' dir='ltr'>vi-</span> 
     </span>
     <span class='ocr_line' id='line_1_11' title="bbox 195 1106 1581 1166; baseline -0.005 -11"><span class='ocrx_word' id='word_1_80' title='bbox 195 1114 298 1155; x_wconf 89' lang='lat' dir='ltr'>tium</span> <span class='ocrx_word' id='word_1_81' title='bbox 331 1109 448 1153; x_wconf 84' lang='lat' dir='ltr'>facile</span> <span class='ocrx_word' id='word_1_82' title='bbox 480 1111 586 1152; x_wconf 87' lang='lat' dir='ltr'>verti</span> <span class='ocrx_word' id='word_1_83' title='bbox 616 1109 845 1151; x_wconf 86' lang='lat' dir='ltr'>luculenter</span> <span class='ocrx_word' id='word_1_84' title='bbox 876 1113 1046 1166; x_wconf 82' lang='lat' dir='ltr'>apparet</span> <span class='ocrx_word' id='word_1_85' title='bbox 1065 1106 1140 1164; x_wconf 89' lang='lat'><strong>(3).</strong></span> <span class='ocrx_word' id='word_1_86' title='bbox 1203 1107 1298 1150; x_wconf 90' lang='lat' dir='ltr'>Non</span> <span class='ocrx_word' id='word_1_87' title='bbox 1327 1109 1453 1165; x_wconf 85' lang='lat' dir='ltr'>igitur</span> <span class='ocrx_word' id='word_1_88' title='bbox 1484 1121 1581 1149; x_wconf 83' lang='lat' dir='ltr'>vere</span> 
     </span>
     <span class='ocr_line' id='line_1_12' title="bbox 194 1185 1582 1245; baseline -0.004 -13"><span class='ocrx_word' id='word_1_89' title='bbox 194 1191 381 1233; x_wconf 82' lang='lat' dir='ltr'>virtutes.</span> <span class='ocrx_word' id='word_1_90' title='bbox 416 1188 490 1231; x_wconf 85' lang='lat' dir='ltr'>sed</span> <span class='ocrx_word' id='word_1_91' title='bbox 513 1187 636 1230; x_wconf 89' lang='lat' dir='ltr'>modo</span> <span class='ocrx_word' id='word_1_92' title='bbox 659 1192 797 1245; x_wconf 80' lang='lat' dir='ltr'>partes</span> <span class='ocrx_word' id='word_1_93' title='bbox 822 1189 994 1229; x_wconf 86' lang='lat' dir='ltr'>virtutes</span> <span class='ocrx_word' id='word_1_94' title='bbox 1026 1192 1133 1229; x_wconf 84' lang='lat' dir='ltr'>sunt.</span> <span class='ocrx_word' id='word_1_95' title='bbox 1198 1185 1342 1227; x_wconf 85' lang='lat' dir='ltr'>Virtus</span> <span class='ocrx_word' id='word_1_96' title='bbox 1367 1187 1474 1227; x_wconf 89' lang='lat' dir='ltr'>enim</span> <span class='ocrx_word' id='word_1_97' title='bbox 1505 1200 1582 1243; x_wconf 90' lang='lat' dir='ltr'>po-</span> 
     </span>
     <span class='ocr_line' id='line_1_13' title="bbox 195 1263 1586 1325; baseline -0.004 -15"><span class='ocrx_word' id='word_1_98' title='bbox 195 1268 328 1319; x_wconf 87' lang='lat' dir='ltr'>litica,</span> <span class='ocrx_word' id='word_1_99' title='bbox 366 1282 472 1325; x_wconf 86' lang='lat' dir='ltr'>quae</span> <span class='ocrx_word' id='word_1_100' title='bbox 516 1267 729 1309; x_wconf 88' lang='lat' dir='ltr'>constituit</span> <span class='ocrx_word' id='word_1_101' title='bbox 773 1267 977 1308; x_wconf 82' lang='lat' dir='ltr'>civitatem</span> <span class='ocrx_word' id='word_1_102' title='bbox 1020 1266 1191 1322; x_wconf 88' lang='lat' dir='ltr'>eiusque</span> <span class='ocrx_word' id='word_1_103' title='bbox 1229 1263 1487 1314; x_wconf 83' lang='lat' dir='ltr'>felicitatem,</span> <span class='ocrx_word' id='word_1_104' title='bbox 1532 1277 1586 1304; x_wconf 82' lang='lat' dir='ltr'>ex</span> 
     </span>
     <span class='ocr_line' id='line_1_14' title="bbox 197 1340 1584 1399; baseline -0.004 -11"><span class='ocrx_word' id='word_1_105' title='bbox 197 1347 401 1389; x_wconf 81' lang='lat' dir='ltr'>sententia</span> <span class='ocrx_word' id='word_1_106' title='bbox 440 1345 625 1388; x_wconf 85' lang='lat' dir='ltr'>Platonis</span> <span class='ocrx_word' id='word_1_107' title='bbox 662 1359 746 1387; x_wconf 91' lang='lat' dir='ltr'>non</span> <span class='ocrx_word' id='word_1_108' title='bbox 789 1345 869 1386; x_wconf 89' lang='lat' dir='ltr'>nisi</span> <span class='ocrx_word' id='word_1_109' title='bbox 912 1358 995 1386; x_wconf 88' lang='lat' dir='ltr'>una</span> <span class='ocrx_word' id='word_1_110' title='bbox 1030 1349 1104 1394; x_wconf 78' lang='lat' dir='ltr'>est,</span> <span class='ocrx_word' id='word_1_111' title='bbox 1139 1340 1386 1396; x_wconf 73' lang='grc' dir='ltr'><em>δικαιοσύνη,</em></span> <span class='ocrx_word' id='word_1_112' title='bbox 1420 1356 1501 1399; x_wconf 87' lang='lat' dir='ltr'>qua</span> <span class='ocrx_word' id='word_1_113' title='bbox 1534 1340 1584 1382; x_wconf 87' lang='lat' dir='ltr'>de</span> 
     </span>
     <span class='ocr_line' id='line_1_15' title="bbox 199 1419 1585 1481; baseline -0.004 -15"><span class='ocrx_word' id='word_1_114' title='bbox 199 1438 321 1467; x_wconf 84' lang='lat' dir='ltr'>causa</span> <span class='ocrx_word' id='word_1_115' title='bbox 352 1422 559 1466; x_wconf 82' lang='lat' dir='ltr'>interdum</span> <span class='ocrx_word' id='word_1_116' title='bbox 593 1424 826 1481; x_wconf 86' lang='lat' dir='ltr'>promiscue</span> <span class='ocrx_word' id='word_1_117' title='bbox 858 1428 1032 1480; x_wconf 84' lang='lat' dir='ltr'>utraque</span> <span class='ocrx_word' id='word_1_118' title='bbox 1064 1437 1163 1464; x_wconf 82' lang='lat' dir='ltr'>voce</span> <span class='ocrx_word' id='word_1_119' title='bbox 1194 1423 1326 1464; x_wconf 87' lang='lat' dir='ltr'>utitur</span> <span class='ocrx_word' id='word_1_120' title='bbox 1342 1420 1417 1477; x_wconf 82' lang='lat'>(4).</span> <span class='ocrx_word' id='word_1_121' title='bbox 1482 1419 1585 1462; x_wconf 86' lang='lat' dir='ltr'>Nam</span> 
     </span>
    </p>
   </div>
   <div class='ocr_carea' id='block_1_3' title="bbox 201 1546 419 1553">
    <p class='ocr_par' dir='ltr' id='par_1_3' title="bbox 201 1546 419 1553">
     <span class='ocr_line' id='line_1_16' title="bbox 201 1546 419 1553; baseline 0 1551"><span class='ocrx_word' id='word_1_122' title='bbox 201 1546 419 1553; x_wconf 95' lang='lat' dir='ltr'> </span> 
     </span>
    </p>
   </div>
   <div class='ocr_carea' id='block_1_4' title="bbox 421 1545 483 1552">
    <p class='ocr_par' dir='ltr' id='par_1_4' title="bbox 421 1545 483 1552">
     <span class='ocr_line' id='line_1_17' title="bbox 421 1545 483 1552; baseline -0.016 -1"><span class='ocrx_word' id='word_1_123' title='bbox 421 1545 483 1552; x_wconf 74' lang='grc'><em>.-..,</em></span> 
     </span>
    </p>
   </div>
   <div class='ocr_carea' id='block_1_5' title="bbox 199 1622 1594 2816">
    <p class='ocr_par' dir='ltr' id='par_1_5' title="bbox 199 1622 1590 1908">
     <span class='ocr_line' id='line_1_18' title="bbox 199 1622 1584 1664; baseline -0.002 -7"><span class='ocrx_word' id='word_1_124' title='bbox 199 1624 355 1657; x_wconf 73' lang='lat' dir='ltr'>Externa</span> <span class='ocrx_word' id='word_1_125' title='bbox 397 1625 582 1664; x_wconf 69' lang='lat' dir='ltr'>instituta,</span> <span class='ocrx_word' id='word_1_126' title='bbox 621 1634 713 1664; x_wconf 79' lang='lat' dir='ltr'>quae</span> <span class='ocrx_word' id='word_1_127' title='bbox 751 1634 771 1654; x_wconf 84' lang='lat' dir='ltr'><strong>a</strong></span> <span class='ocrx_word' id='word_1_128' title='bbox 806 1624 952 1655; x_wconf 69' lang='lat' dir='ltr'>Platone</span> <span class='ocrx_word' id='word_1_129' title='bbox 989 1629 1023 1655; x_wconf 77' lang='lat' dir='ltr'>et</span> <span class='ocrx_word' id='word_1_130' title='bbox 1060 1635 1150 1664; x_wconf 83' lang='lat' dir='ltr'>quae</span> <span class='ocrx_word' id='word_1_131' title='bbox 1184 1625 1224 1655; x_wconf 88' lang='lat' dir='ltr'>in</span> <span class='ocrx_word' id='word_1_132' title='bbox 1257 1624 1441 1664; x_wconf 81' lang='lat' dir='ltr'>republica</span> <span class='ocrx_word' id='word_1_133' title='bbox 1473 1622 1584 1654; x_wconf 79' lang='lat' dir='ltr'>Lace-</span> 
     </span>
     <span class='ocr_line' id='line_1_19' title="bbox 200 1683 1585 1725; baseline -0.001 -9"><span class='ocrx_word' id='word_1_134' title='bbox 200 1685 467 1716; x_wconf 72' lang='lat' dir='ltr'>daemoniorum</span> <span class='ocrx_word' id='word_1_135' title='bbox 510 1683 684 1724; x_wconf 75' lang='lat' dir='ltr'>proposita</span> <span class='ocrx_word' id='word_1_136' title='bbox 729 1688 846 1724; x_wconf 73' lang='lat' dir='ltr'>erant,</span> <span class='ocrx_word' id='word_1_137' title='bbox 885 1693 1047 1724; x_wconf 85' lang='lat' dir='ltr'>magnam</span> <span class='ocrx_word' id='word_1_138' title='bbox 1093 1684 1367 1716; x_wconf 79' lang='lat' dir='ltr'>similitudinem</span> <span class='ocrx_word' id='word_1_139' title='bbox 1419 1694 1502 1725; x_wconf 74' lang='lat' dir='ltr'>prae</span> <span class='ocrx_word' id='word_1_140' title='bbox 1548 1694 1585 1715; x_wconf 84' lang='lat' dir='ltr'>se</span> 
     </span>
     <span class='ocr_line' id='line_1_20' title="bbox 199 1744 1589 1787; baseline -0.001 -9"><span class='ocrx_word' id='word_1_141' title='bbox 199 1746 302 1787; x_wconf 79' lang='lat' dir='ltr'>ferre,</span> <span class='ocrx_word' id='word_1_142' title='bbox 328 1756 383 1777; x_wconf 73' lang='lat' dir='ltr'>res</span> <span class='ocrx_word' id='word_1_143' title='bbox 410 1750 460 1776; x_wconf 80' lang='lat' dir='ltr'>est</span> <span class='ocrx_word' id='word_1_144' title='bbox 494 1745 579 1777; x_wconf 79' lang='lat' dir='ltr'>solis</span> <span class='ocrx_word' id='word_1_145' title='bbox 605 1749 709 1785; x_wconf 72' lang='lat' dir='ltr'>nola,</span> <span class='ocrx_word' id='word_1_146' title='bbox 749 1744 795 1776; x_wconf 80' lang='lat' dir='ltr'>cf.</span> <span class='ocrx_word' id='word_1_147' title='bbox 833 1744 876 1776; x_wconf 76' lang='lat' dir='ltr'>«le</span> <span class='ocrx_word' id='word_1_148' title='bbox 902 1749 975 1786; x_wconf 81' lang='lat' dir='ltr'>rep·</span> <span class='ocrx_word' id='word_1_149' title='bbox 1005 1745 1034 1779; x_wconf 81' lang='lat'>1,</span> <span class='ocrx_word' id='word_1_150' title='bbox 1063 1745 1153 1777; x_wconf 82' lang='lat' dir='ltr'>vm.</span> <span class='ocrx_word' id='word_1_151' title='bbox 1181 1745 1218 1781; x_wconf 75' lang='lat' dir='ltr'>C,</span> <span class='ocrx_word' id='word_1_152' title='bbox 1245 1744 1305 1780; x_wconf 72' lang='lat' dir='ltr'>Fr,</span> <span class='ocrx_word' id='word_1_153' title='bbox 1340 1745 1523 1776; x_wconf 75' lang='lat' dir='ltr'>Hermann</span> <span class='ocrx_word' id='word_1_154' title='bbox 1549 1745 1589 1776; x_wconf 88' lang='lat' dir='ltr'>in</span> 
     </span>
     <span class='ocr_line' id='line_1_21' title="bbox 200 1804 1590 1846; baseline -0.001 -9"><span class='ocrx_word' id='word_1_155' title='bbox 200 1817 351 1838; x_wconf 77' lang='lat' dir='ltr'>censura</span> <span class='ocrx_word' id='word_1_156' title='bbox 390 1806 475 1837; x_wconf 77' lang='lat' dir='ltr'>edit.</span> <span class='ocrx_word' id='word_1_157' title='bbox 539 1804 752 1838; x_wconf 73' lang='lat' dir='ltr'>Stallbaum.</span> <span class='ocrx_word' id='word_1_158' title='bbox 791 1805 875 1836; x_wconf 85' lang='lat' dir='ltr'>libr.</span> <span class='ocrx_word' id='word_1_159' title='bbox 915 1805 1054 1840; x_wconf 80' lang='lat' dir='ltr'>Platon,</span> <span class='ocrx_word' id='word_1_160' title='bbox 1095 1806 1138 1836; x_wconf 84' lang='lat' dir='ltr'>de</span> <span class='ocrx_word' id='word_1_161' title='bbox 1175 1805 1315 1846; x_wconf 80' lang='lat' dir='ltr'>republ,</span> <span class='ocrx_word' id='word_1_162' title='bbox 1354 1807 1393 1836; x_wconf 83' lang='lat' dir='ltr'>in</span> <span class='ocrx_word' id='word_1_163' title='bbox 1431 1806 1590 1843; x_wconf 74' lang='lat' dir='ltr'>annalib,</span> 
     </span>
     <span class='ocr_line' id='line_1_22' title="bbox 202 1862 1443 1908; baseline 0.001 -11"><span class='ocrx_word' id='word_1_164' title='bbox 202 1866 406 1898; x_wconf 83' lang='lat' dir='ltr'>Zimmerm.</span> <span class='ocrx_word' id='word_1_165' title='bbox 433 1875 465 1900; x_wconf 81' lang='lat' dir='ltr'>a.</span> <span class='ocrx_word' id='word_1_166' title='bbox 495 1862 598 1897; x_wconf 85' lang='lat'>1830.</span> <span class='ocrx_word' id='word_1_167' title='bbox 627 1864 866 1896; x_wconf 78' lang='lat' dir='ltr'>Wachsunnh</span> <span class='ocrx_word' id='word_1_168' title='bbox 892 1865 1059 1907; x_wconf 72' lang='lat' dir='ltr'>antiquit.</span> <span class='ocrx_word' id='word_1_169' title='bbox 1088 1865 1149 1900; x_wconf 87' lang='lat' dir='ltr'>Gr.</span> <span class='ocrx_word' id='word_1_170' title='bbox 1178 1866 1206 1900; x_wconf 93' lang='lat'>1.</span> <span class='ocrx_word' id='word_1_171' title='bbox 1236 1865 1270 1898; x_wconf 89' lang='lat'>1.</span> <span class='ocrx_word' id='word_1_172' title='bbox 1297 1877 1331 1908; x_wconf 80' lang='lat' dir='ltr'>p.</span> <span class='ocrx_word' id='word_1_173' title='bbox 1361 1864 1443 1899; x_wconf 68' lang='lat'>13⁴.</span> 
     </span>
    </p>

    <p class='ocr_par' dir='ltr' id='par_1_6' title="bbox 203 1923 1591 2392">
     <span class='ocr_line' id='line_1_23' title="bbox 299 1923 1588 1968; baseline 0 -10"><span class='ocrx_word' id='word_1_174' title='bbox 299 1923 353 1968; x_wconf 89' lang='lat' dir='ltr'>(l)</span> <span class='ocrx_word' id='word_1_175' title='bbox 380 1926 435 1957; x_wconf 84' lang='lat' dir='ltr'>De</span> <span class='ocrx_word' id='word_1_176' title='bbox 470 1935 542 1966; x_wconf 82' lang='lat' dir='ltr'>rep.</span> <span class='ocrx_word' id='word_1_177' title='bbox 579 1926 623 1967; x_wconf 84' lang='lat' dir='ltr'>L,</span> <span class='ocrx_word' id='word_1_178' title='bbox 649 1937 683 1967; x_wconf 81' lang='lat' dir='ltr'>p.</span> <span class='ocrx_word' id='word_1_179' title='bbox 708 1924 781 1958; x_wconf 81' lang='lat'>352</span> <span class='ocrx_word' id='word_1_180' title='bbox 804 1927 841 1960; x_wconf 84' lang='lat' dir='ltr'>C.</span> <span class='ocrx_word' id='word_1_181' title='bbox 869 1927 1009 1958; x_wconf 75' lang='lat' dir='ltr'>iustitia</span> <span class='ocrx_word' id='word_1_182' title='bbox 1034 1927 1143 1966; x_wconf 70' lang='lat' dir='ltr'>igitur</span> <span class='ocrx_word' id='word_1_183' title='bbox 1168 1927 1353 1958; x_wconf 79' lang='lat' dir='ltr'>Platonica</span> <span class='ocrx_word' id='word_1_184' title='bbox 1380 1937 1463 1958; x_wconf 85' lang='lat' dir='ltr'>cum</span> <span class='ocrx_word' id='word_1_185' title='bbox 1507 1928 1588 1958; x_wconf 88' lang='lat' dir='ltr'>uni-</span> 
     </span>
     <span class='ocr_line' id='line_1_24' title="bbox 203 1987 1590 2029; baseline 0.001 -11"><span class='ocrx_word' id='word_1_186' title='bbox 203 1996 304 2019; x_wconf 81' lang='lat' dir='ltr'>versa</span> <span class='ocrx_word' id='word_1_187' title='bbox 330 1991 455 2019; x_wconf 77' lang='lat' dir='ltr'>natura</span> <span class='ocrx_word' id='word_1_188' title='bbox 482 1991 517 2018; x_wconf 78' lang='lat' dir='ltr'>et</span> <span class='ocrx_word' id='word_1_189' title='bbox 550 1996 634 2019; x_wconf 86' lang='lat' dir='ltr'>cum</span> <span class='ocrx_word' id='word_1_190' title='bbox 659 1991 784 2019; x_wconf 71' lang='lat' dir='ltr'>natura</span> <span class='ocrx_word' id='word_1_191' title='bbox 818 1987 1004 2020; x_wconf 87' lang='lat' dir='ltr'>hominum</span> <span class='ocrx_word' id='word_1_192' title='bbox 1040 1987 1146 2029; x_wconf 83' lang='lat' dir='ltr'>plane</span> <span class='ocrx_word' id='word_1_193' title='bbox 1172 1987 1344 2029; x_wconf 83' lang='lat' dir='ltr'>congruit.</span> <span class='ocrx_word' id='word_1_194' title='bbox 1394 1987 1458 2020; x_wconf 73' lang='lat' dir='ltr'>Est</span> <span class='ocrx_word' id='word_1_195' title='bbox 1493 1989 1590 2020; x_wconf 83' lang='lat' dir='ltr'>euim</span> 
     </span>
     <span class='ocr_line' id='line_1_25' title="bbox 203 2047 1591 2090; baseline 0.001 -11"><span class='ocrx_word' id='word_1_196' title='bbox 203 2048 345 2082; x_wconf 72' lang='lat' dir='ltr'>iustitia</span> <span class='ocrx_word' id='word_1_197' title='bbox 372 2047 531 2083; x_wconf 72' lang='lat' dir='ltr'>Platonis</span> <span class='ocrx_word' id='word_1_198' title='bbox 557 2049 718 2080; x_wconf 85' lang='lat' dir='ltr'>omnium</span> <span class='ocrx_word' id='word_1_199' title='bbox 743 2049 854 2080; x_wconf 83' lang='lat' dir='ltr'>animi</span> <span class='ocrx_word' id='word_1_200' title='bbox 881 2048 1012 2081; x_wconf 82' lang='lat' dir='ltr'>virium</span> <span class='ocrx_word' id='word_1_201' title='bbox 1038 2050 1212 2089; x_wconf 71' lang='lat' dir='ltr'>perfectus</span> <span class='ocrx_word' id='word_1_202' title='bbox 1238 2059 1443 2089; x_wconf 74' lang='lat' dir='ltr'>consensuS,</span> <span class='ocrx_word' id='word_1_203' title='bbox 1471 2050 1591 2090; x_wconf 83' lang='lat' dir='ltr'>qualis</span> 
     </span>
     <span class='ocr_line' id='line_1_26' title="bbox 203 2108 1591 2151; baseline 0.002 -13"><span class='ocrx_word' id='word_1_204' title='bbox 203 2108 310 2139; x_wconf 77' lang='lat' dir='ltr'>initio</span> <span class='ocrx_word' id='word_1_205' title='bbox 336 2108 541 2139; x_wconf 79' lang='lat' dir='ltr'>hominibus</span> <span class='ocrx_word' id='word_1_206' title='bbox 569 2118 589 2138; x_wconf 88' lang='lat' dir='ltr'><strong>a</strong></span> <span class='ocrx_word' id='word_1_207' title='bbox 614 2108 693 2139; x_wconf 85' lang='lat' dir='ltr'>Deo</span> <span class='ocrx_word' id='word_1_208' title='bbox 719 2109 932 2142; x_wconf 80' lang='lat' dir='ltr'>innascitur.</span> <span class='ocrx_word' id='word_1_209' title='bbox 982 2108 1071 2140; x_wconf 84' lang='lat' dir='ltr'>Nam</span> <span class='ocrx_word' id='word_1_210' title='bbox 1092 2109 1146 2140; x_wconf 78' lang='lat' dir='ltr'>uti</span> <span class='ocrx_word' id='word_1_211' title='bbox 1165 2119 1303 2151; x_wconf 82' lang='lat' dir='ltr'>prorsus</span> <span class='ocrx_word' id='word_1_212' title='bbox 1321 2108 1463 2141; x_wconf 83' lang='lat' dir='ltr'>sublato</span> <span class='ocrx_word' id='word_1_213' title='bbox 1491 2110 1591 2141; x_wconf 88' lang='lat' dir='ltr'>omni</span> 
     </span>
     <span class='ocr_line' id='line_1_27' title="bbox 204 2167 1589 2211; baseline 0.001 -12"><span class='ocrx_word' id='word_1_214' title='bbox 204 2167 364 2208; x_wconf 72' lang='lat' dir='ltr'>vinculo,</span> <span class='ocrx_word' id='word_1_215' title='bbox 402 2179 472 2210; x_wconf 89' lang='lat' dir='ltr'>quo</span> <span class='ocrx_word' id='word_1_216' title='bbox 493 2173 640 2201; x_wconf 77' lang='lat' dir='ltr'>naturae</span> <span class='ocrx_word' id='word_1_217' title='bbox 667 2169 844 2201; x_wconf 73' lang='lat' dir='ltr'>elementa</span> <span class='ocrx_word' id='word_1_218' title='bbox 870 2170 1136 2210; x_wconf 73' lang='lat' dir='ltr'>consociantur,</span> <span class='ocrx_word' id='word_1_219' title='bbox 1175 2169 1315 2201; x_wconf 80' lang='lat' dir='ltr'>tollitur</span> <span class='ocrx_word' id='word_1_220' title='bbox 1339 2170 1415 2211; x_wconf 78' lang='lat' dir='ltr'>ipsa</span> <span class='ocrx_word' id='word_1_221' title='bbox 1442 2175 1589 2209; x_wconf 78' lang='lat' dir='ltr'>natura3</span> 
     </span>
     <span class='ocr_line' id='line_1_28' title="bbox 206 2228 1586 2271; baseline 0.001 -12"><span class='ocrx_word' id='word_1_222' title='bbox 206 2228 257 2260; x_wconf 87' lang='lat' dir='ltr'>sic</span> <span class='ocrx_word' id='word_1_223' title='bbox 294 2228 411 2260; x_wconf 79' lang='lat' dir='ltr'>diruta</span> <span class='ocrx_word' id='word_1_224' title='bbox 438 2230 536 2261; x_wconf 88' lang='lat' dir='ltr'>omni</span> <span class='ocrx_word' id='word_1_225' title='bbox 574 2230 814 2261; x_wconf 81' lang='lat' dir='ltr'>humanarum</span> <span class='ocrx_word' id='word_1_226' title='bbox 840 2230 971 2261; x_wconf 84' lang='lat' dir='ltr'>virium</span> <span class='ocrx_word' id='word_1_227' title='bbox 1010 2230 1120 2260; x_wconf 83' lang='lat' dir='ltr'>animi</span> <span class='ocrx_word' id='word_1_228' title='bbox 1147 2234 1182 2260; x_wconf 78' lang='lat' dir='ltr'>et</span> <span class='ocrx_word' id='word_1_229' title='bbox 1207 2230 1361 2271; x_wconf 82' lang='lat' dir='ltr'>corporis</span> <span class='ocrx_word' id='word_1_230' title='bbox 1387 2230 1586 2270; x_wconf 84' lang='lat' dir='ltr'>harmonia,</span> 
     </span>
     <span class='ocr_line' id='line_1_29' title="bbox 205 2288 1591 2333; baseline 0.002 -14"><span class='ocrx_word' id='word_1_231' title='bbox 205 2288 281 2329; x_wconf 79' lang='lat' dir='ltr'>ipse</span> <span class='ocrx_word' id='word_1_232' title='bbox 306 2288 414 2320; x_wconf 80' lang='lat' dir='ltr'>limno</span> <span class='ocrx_word' id='word_1_233' title='bbox 441 2289 610 2321; x_wconf 74' lang='lat' dir='ltr'>exsistere</span> <span class='ocrx_word' id='word_1_234' title='bbox 638 2299 708 2321; x_wconf 90' lang='lat' dir='ltr'>non</span> <span class='ocrx_word' id='word_1_235' title='bbox 733 2294 859 2330; x_wconf 75' lang='lat' dir='ltr'>potest.</span> <span class='ocrx_word' id='word_1_236' title='bbox 912 2289 991 2325; x_wconf 81' lang='lat' dir='ltr'>Qua</span> <span class='ocrx_word' id='word_1_237' title='bbox 1017 2289 1061 2320; x_wconf 81' lang='lat' dir='ltr'>de</span> <span class='ocrx_word' id='word_1_238' title='bbox 1081 2299 1206 2330; x_wconf 79' lang='lat' dir='ltr'>causa,</span> <span class='ocrx_word' id='word_1_239' title='bbox 1233 2289 1334 2322; x_wconf 78' lang='lat' dir='ltr'>Plato</span> <span class='ocrx_word' id='word_1_240' title='bbox 1354 2289 1486 2332; x_wconf 72' lang='lat' dir='ltr'>inquit,</span> <span class='ocrx_word' id='word_1_241' title='bbox 1513 2301 1591 2333; x_wconf 76' lang='lat' dir='ltr'>per-</span> 
     </span>
     <span class='ocr_line' id='line_1_30' title="bbox 204 2348 1046 2392; baseline 0.002 -13"><span class='ocrx_word' id='word_1_242' title='bbox 204 2348 297 2381; x_wconf 74' lang='lat' dir='ltr'>fecta</span> <span class='ocrx_word' id='word_1_243' title='bbox 321 2349 497 2381; x_wconf 80' lang='lat' dir='ltr'>iniustitia</span> <span class='ocrx_word' id='word_1_244' title='bbox 523 2360 698 2391; x_wconf 81' lang='lat' dir='ltr'>nusquam</span> <span class='ocrx_word' id='word_1_245' title='bbox 724 2350 852 2392; x_wconf 77' lang='lat' dir='ltr'>poterit</span> <span class='ocrx_word' id='word_1_246' title='bbox 877 2349 1046 2381; x_wconf 78' lang='lat' dir='ltr'>inveniri.</span> 
     </span>
    </p>

    <p class='ocr_par' dir='ltr' id='par_1_7' title="bbox 303 2407 1179 2454">
     <span class='ocr_line' id='line_1_31' title="bbox 303 2407 1179 2454; baseline 0.005 -12"><span class='ocrx_word' id='word_1_247' title='bbox 303 2407 358 2454; x_wconf 86' lang='lat'>(2)</span> <span class='ocrx_word' id='word_1_248' title='bbox 384 2410 433 2442; x_wconf 87' lang='lat' dir='ltr'>ib.</span> <span class='ocrx_word' id='word_1_249' title='bbox 459 2410 520 2453; x_wconf 84' lang='lat' dir='ltr'>lv,</span> <span class='ocrx_word' id='word_1_250' title='bbox 547 2422 581 2453; x_wconf 75' lang='lat'>1».</span> <span class='ocrx_word' id='word_1_251' title='bbox 606 2408 680 2442; x_wconf 79' lang='lat'>434</span> <span class='ocrx_word' id='word_1_252' title='bbox 702 2411 745 2445; x_wconf 85' lang='lat' dir='ltr'>A.</span> <span class='ocrx_word' id='word_1_253' title='bbox 791 2409 835 2442; x_wconf 77' lang='lat' dir='ltr'>cf.</span> <span class='ocrx_word' id='word_1_254' title='bbox 861 2420 895 2451; x_wconf 82' lang='lat' dir='ltr'>p.</span> <span class='ocrx_word' id='word_1_255' title='bbox 922 2407 995 2442; x_wconf 84' lang='lat'>433</span> <span class='ocrx_word' id='word_1_256' title='bbox 1021 2410 1046 2442; x_wconf 88' lang='lat' dir='ltr'>C</span> <span class='ocrx_word' id='word_1_257' title='bbox 1074 2415 1109 2442; x_wconf 77' lang='lat' dir='ltr'>et</span> <span class='ocrx_word' id='word_1_258' title='bbox 1134 2410 1179 2446; x_wconf 88' lang='lat' dir='ltr'>D.</span> 
     </span>
    </p>

    <p class='ocr_par' dir='ltr' id='par_1_8' title="bbox 304 2469 748 2513">
     <span class='ocr_line' id='line_1_32' title="bbox 304 2469 748 2513; baseline 0.007 -10"><span class='ocrx_word' id='word_1_259' title='bbox 304 2469 359 2513; x_wconf 88' lang='grc'>(3)</span> <span class='ocrx_word' id='word_1_260' title='bbox 386 2471 435 2508; x_wconf 84' lang='lat' dir='ltr'>ib.</span> <span class='ocrx_word' id='word_1_261' title='bbox 464 2471 524 2503; x_wconf 75' lang='lat' dir='ltr'>vl.</span> <span class='ocrx_word' id='word_1_262' title='bbox 552 2483 586 2513; x_wconf 77' lang='lat' dir='ltr'>p.</span> <span class='ocrx_word' id='word_1_263' title='bbox 612 2469 684 2504; x_wconf 80' lang='lat'>491</span> <span class='ocrx_word' id='word_1_264' title='bbox 709 2472 748 2506; x_wconf 91' lang='grc' dir='ltr'>Β.</span> 
     </span>
    </p>

    <p class='ocr_par' dir='ltr' id='par_1_9' title="bbox 205 2528 1594 2816">
     <span class='ocr_line' id='line_1_33' title="bbox 304 2528 1590 2573; baseline 0.002 -10"><span class='ocrx_word' id='word_1_265' title='bbox 304 2528 359 2573; x_wconf 86' lang='grc'>(4)</span> <span class='ocrx_word' id='word_1_266' title='bbox 386 2532 432 2566; x_wconf 76' lang='lat' dir='ltr'>cf.</span> <span class='ocrx_word' id='word_1_267' title='bbox 458 2532 488 2573; x_wconf 88' lang='lat'>1,</span> <span class='ocrx_word' id='word_1_268' title='bbox 512 2543 547 2573; x_wconf 80' lang='lat' dir='ltr'>p.</span> <span class='ocrx_word' id='word_1_269' title='bbox 573 2530 645 2565; x_wconf 80' lang='lat'>351</span> <span class='ocrx_word' id='word_1_270' title='bbox 670 2532 716 2573; x_wconf 79' lang='lat' dir='ltr'>A,</span> <span class='ocrx_word' id='word_1_271' title='bbox 744 2531 829 2571; x_wconf 82' lang='lat' dir='ltr'>vlu,</span> <span class='ocrx_word' id='word_1_272' title='bbox 854 2541 887 2571; x_wconf 85' lang='lat' dir='ltr'>p.</span> <span class='ocrx_word' id='word_1_273' title='bbox 914 2529 988 2563; x_wconf 81' lang='lat'>554</span> <span class='ocrx_word' id='word_1_274' title='bbox 1012 2532 1052 2563; x_wconf 77' lang='lat' dir='ltr'>E.</span> <span class='ocrx_word' id='word_1_275' title='bbox 1105 2533 1269 2565; x_wconf 71' lang='lat' dir='ltr'>Celerum</span> <span class='ocrx_word' id='word_1_276' title='bbox 1296 2543 1420 2565; x_wconf 79' lang='lat' dir='ltr'>caveas</span> <span class='ocrx_word' id='word_1_277' title='bbox 1448 2543 1492 2565; x_wconf 87' lang='lat' dir='ltr'>ne</span> <span class='ocrx_word' id='word_1_278' title='bbox 1520 2534 1590 2565; x_wconf 81' lang='lat' dir='ltr'>vir-</span> 
     </span>
     <span class='ocr_line' id='line_1_34' title="bbox 208 2591 1589 2636; baseline 0.004 -15"><span class='ocrx_word' id='word_1_279' title='bbox 208 2594 320 2622; x_wconf 78' lang='lat' dir='ltr'>tutem</span> <span class='ocrx_word' id='word_1_280' title='bbox 347 2597 382 2623; x_wconf 85' lang='lat' dir='ltr'>et</span> <span class='ocrx_word' id='word_1_281' title='bbox 407 2592 581 2624; x_wconf 70' lang='lat' dir='ltr'>iustitiam</span> <span class='ocrx_word' id='word_1_282' title='bbox 614 2592 711 2625; x_wconf 81' lang='lat' dir='ltr'>idem</span> <span class='ocrx_word' id='word_1_283' title='bbox 736 2591 933 2631; x_wconf 80' lang='lat' dir='ltr'>significare</span> <span class='ocrx_word' id='word_1_284' title='bbox 969 2593 1163 2629; x_wconf 78' lang='lat' dir='ltr'>existimes,</span> <span class='ocrx_word' id='word_1_285' title='bbox 1222 2592 1313 2625; x_wconf 86' lang='lat' dir='ltr'>Nam</span> <span class='ocrx_word' id='word_1_286' title='bbox 1339 2594 1472 2629; x_wconf 73' lang='lat' dir='ltr'>virtus.</span> <span class='ocrx_word' id='word_1_287' title='bbox 1500 2604 1589 2636; x_wconf 81' lang='lat' dir='ltr'>qua-</span> 
     </span>
     <span class='ocr_line' id='line_1_35' title="bbox 205 2649 1594 2697; baseline 0.004 -16"><span class='ocrx_word' id='word_1_288' title='bbox 205 2649 279 2682; x_wconf 79' lang='lat' dir='ltr'>lem</span> <span class='ocrx_word' id='word_1_289' title='bbox 297 2662 400 2692; x_wconf 82' lang='lat' dir='ltr'>supra</span> <span class='ocrx_word' id='word_1_290' title='bbox 426 2653 637 2685; x_wconf 77' lang='lat' dir='ltr'>adumbrare</span> <span class='ocrx_word' id='word_1_291' title='bbox 662 2653 780 2685; x_wconf 78' lang='lat' dir='ltr'>conati</span> <span class='ocrx_word' id='word_1_292' title='bbox 805 2662 948 2693; x_wconf 88' lang='lat' dir='ltr'>sumus,</span> <span class='ocrx_word' id='word_1_293' title='bbox 976 2653 1196 2695; x_wconf 77' lang='lat' dir='ltr'>principium</span> <span class='ocrx_word' id='word_1_294' title='bbox 1220 2663 1361 2685; x_wconf 84' lang='lat' dir='ltr'>morum</span> <span class='ocrx_word' id='word_1_295' title='bbox 1389 2659 1462 2696; x_wconf 73' lang='lat' dir='ltr'>est,</span> <span class='ocrx_word' id='word_1_296' title='bbox 1498 2656 1594 2697; x_wconf 85' lang='lat' dir='ltr'>quod</span> 
     </span>
     <span class='ocr_line' id='line_1_36' title="bbox 206 2708 1592 2758; baseline 0.007 -19"><span class='ocrx_word' id='word_1_297' title='bbox 206 2708 368 2743; x_wconf 73' lang='lat' dir='ltr'>homines</span> <span class='ocrx_word' id='word_1_298' title='bbox 394 2713 431 2745; x_wconf 91' lang='lat' dir='ltr'>in</span> <span class='ocrx_word' id='word_1_299' title='bbox 458 2714 594 2755; x_wconf 83' lang='lat' dir='ltr'>agendo</span> <span class='ocrx_word' id='word_1_300' title='bbox 621 2718 829 2755; x_wconf 80' lang='lat' dir='ltr'>sequuntur,</span> <span class='ocrx_word' id='word_1_301' title='bbox 855 2713 991 2745; x_wconf 70' lang='lat' dir='ltr'>iustitia</span> <span class='ocrx_word' id='word_1_302' title='bbox 1016 2719 1137 2747; x_wconf 71' lang='lat' dir='ltr'>autem</span> <span class='ocrx_word' id='word_1_303' title='bbox 1174 2715 1287 2747; x_wconf 72' lang='lat' dir='ltr'>virtus</span> <span class='ocrx_word' id='word_1_304' title='bbox 1315 2720 1379 2757; x_wconf 74' lang='lat' dir='ltr'>est,</span> <span class='ocrx_word' id='word_1_305' title='bbox 1418 2722 1592 2758; x_wconf 75' lang='lat' dir='ltr'>quatenus</span> 
     </span>
     <span class='ocr_line' id='line_1_37' title="bbox 207 2770 566 2816; baseline 0.022 -17"><span class='ocrx_word' id='word_1_306' title='bbox 207 2770 388 2804; x_wconf 77' lang='lat' dir='ltr'>civilatem</span> <span class='ocrx_word' id='word_1_307' title='bbox 415 2775 566 2816; x_wconf 76' lang='lat' dir='ltr'>altingit.</span> 
     </span>
    </p>
   </div>
   <div class='ocr_carea' id='block_1_6' title="bbox 1252 2830 1301 2876">
    <p class='ocr_par' dir='ltr' id='par_1_10' title="bbox 1252 2830 1301 2876">
     <span class='ocr_line' id='line_1_38' title="bbox 1252 2830 1301 2876; baseline 0 -24"><span class='ocrx_word' id='word_1_308' title='bbox 1252 2830 1301 2876; x_wconf 80' lang='lat'>3.</span> 
     </span>
    </p>
   </div>
  </div>
 </body>
</html>
