1799 3104
1471 330 1541 382 83

155 476 276 521 nibus
304 473 368 516 his
407 472 755 533 disputationibus
795 474 1076 519 inhaerentem
1117 475 1381 526 sententiam,
1419 489 1542 533 quam

156 567 278 612 supra
311 551 588 603 exhibuimus,
621 551 739 594 facile
771 568 978 611 agnoscas.

273 629 418 688 Neque
450 632 585 673 minus
622 633 775 675 incerte
808 633 876 675 illa
906 633 956 676 de
990 634 1189 692 regimine
1211 631 1403 691 populari
1434 631 1542 675 dicta

151 715 257 754 sunt.
328 709 527 767 Incipitur
568 709 790 768 disputatio
822 717 962 755 nostra
1002 727 1025 755 a
1053 711 1199 770 politia
1225 709 1307 768 (1).
1388 709 1540 753 Politia

155 789 382 847 angustiori
410 802 535 830 sensu
566 803 662 831 vera
694 795 757 832 est
782 790 1026 848 respublica,
1053 806 1173 847 quam
1204 789 1330 833 hodie
1350 789 1538 839 dicimus,

153 867 222 910 ubi
253 872 365 908 totus
397 866 577 925 populus
608 867 673 909 vel
703 882 800 925 pars
831 868 1030 925 quaedam
1061 868 1205 926 populi
1236 883 1434 911 summam
1471 882 1537 910 re-

153 960 242 989 rum
275 950 402 988 tenet.
466 944 709 1004 Respondet
737 948 862 1005 igitur
883 945 1143 990 monarchiae
1158 946 1224 990 vel
1247 948 1539 998 aristocratiae,

154 1026 305 1083 quippe
344 1024 493 1081 quibus
532 1027 687 1083 pariter
724 1027 854 1068 virtus
897 1040 1053 1068 summa
1083 1026 1152 1068 lex
1185 1026 1339 1077 valeat,
1380 1026 1459 1077 vel,
1492 1032 1540 1067 ut

152 1104 209 1145 ita
245 1102 413 1160 loquar,
457 1103 751 1146 aristocratiam
794 1104 922 1146 totius
978 1103 1124 1162 populi
1169 1103 1379 1163 significat.
1452 1102 1539 1147 Sed

150 1180 303 1225 sufficit
345 1182 425 1225 hoc
467 1197 597 1241 genus
646 1184 951 1225 institutionum
982 1197 1251 1235 memorasse,
1301 1194 1383 1225 tam
1427 1189 1537 1226 arcte

150 1261 255 1303 euim
301 1275 392 1304 cum
429 1276 497 1313 ea,
531 1276 651 1319 quam
689 1260 936 1304 Aristoteles
967 1265 1212 1319 παρέκβασιν
1243 1261 1363 1313 dicit,
1397 1261 1538 1305 demo-

152 1341 276 1382 cratia
309 1340 521 1390 cohaeret,
551 1346 598 1382 ut
630 1340 796 1382 alteram
826 1341 876 1383 ab
912 1341 1039 1383 altera
1069 1355 1261 1399 separare
1292 1356 1375 1382 non
1405 1340 1539 1383 liceat.

151 1418 277 1461 Immo
325 1417 511 1476 profecto
571 1418 751 1477 populus
799 1418 1115 1461 Atheniensium
1171 1424 1285 1461 tanto
1337 1418 1538 1462 libertatis

152 1511 288 1539 amore
321 1496 532 1555 flagrabat,
569 1502 617 1539 ut
648 1495 836 1539 facillime
868 1512 891 1539 a
914 1497 1018 1539 bene
1039 1502 1265 1555 temperata
1296 1504 1336 1539 et
1365 1502 1539 1555 aequata

154 1573 401 1618 democratia
449 1576 641 1618 transiret
682 1575 733 1618 ad
777 1574 1032 1627 effrenatam,
1081 1592 1161 1634 qua
1207 1591 1290 1620 non
1325 1575 1536 1635 suffragio,

153 1654 225 1697 sed
259 1660 370 1698 sorte
404 1660 444 1697 et
463 1658 713 1711 ψηφίςμασιν
735 1656 869 1697 omnia
903 1654 1232 1699 diiudicabantur
1252 1654 1335 1708 (2).
1401 1655 1536 1698 Tanta

153 1748 249 1776 vero
281 1733 553 1777 democratiae
585 1735 646 1776 vis
680 1739 766 1776 erat
797 1739 989 1791 tantaque
1018 1733 1163 1791 populi
1193 1733 1416 1792 cupiditas,
1458 1748 1537 1791 qua

153 1811 203 1854 ad
242 1812 535 1871 rempublicam
584 1811 875 1871 capessendam
922 1810 1155 1864 ferebatur,
1209 1818 1254 1855 ut
1305 1814 1538 1870 quicunque

152 1893 395 1950 peregrinus
437 1892 580 1950 populi
625 1890 981 1934 coniunctionibus
1022 1905 1113 1933 sese
1150 1890 1358 1942 miscebat,
1396 1892 1540 1949 capitis

153 1969 417 2014 damnaretur
434 1969 513 2028 (3).
563 1969 737 2013 Politiae
763 1976 803 2013 et
828 1970 1101 2013 democratiae
1118 1970 1196 2012 hoc
1214 1969 1431 2011 discrimen
1462 1976 1538 2020 est,

151 2054 198 2090 ut
236 2050 279 2091 in
310 2049 377 2091 illa
410 2049 608 2107 qualitas,
651 2051 693 2091 in
733 2049 809 2091 hac
854 2050 1059 2107 quantitas
1101 2049 1275 2091 maxime
1300 2047 1434 2090 valeat
1456 2046 1537 2105 (4).

153 2126 262 2177 Quid
291 2128 539 2171 Aristoteles
573 2127 624 2170 de
655 2134 829 2186 utraque
862 2127 993 2171 forma
1025 2127 1277 2178 iudicaverit,
1304 2142 1387 2169 non
1419 2125 1538 2169 sacile

153 2213 216 2249 est
244 2207 378 2259 dictu3
420 2211 638 2264 tantopore
679 2208 814 2249 omnia
846 2205 1167 2249 confunduntur.
1241 2204 1342 2247 Nam
1383 2211 1430 2247 ut
1462 2220 1536 2247 ex-

155 2286 297 2345 emplis
327 2291 511 2336 utamur,
547 2284 709 2328 duobus
739 2285 862 2337 locis,
907 2285 1019 2344 quod
1048 2284 1265 2344 Syracusis
1294 2290 1393 2336 erat,
1427 2285 1535 2343 regi-

152 2367 271 2407 minis
316 2364 577 2408 democratici
619 2367 867 2407 mentionem
908 2364 1024 2417 facit3
1066 2379 1198 2422 neque
1239 2378 1337 2405 vero
1371 2378 1536 2406 accura-

250 2531 305 2574 (1)
330 2533 380 2564 ib.
408 2532 468 2567 lv.
494 2530 529 2572 5,
555 2531 590 2567 9.
617 2530 652 2572 6,
678 2529 787 2563 2-5.
814 2530 876 2567 cll,
904 2530 994 2566 Plal.
1023 2530 1163 2562 Politic.
1189 2539 1225 2571 p.
1252 2527 1325 2561 292
1351 2527 1397 2561 A.

249 2588 305 2635 (2)
331 2592 390 2625 Ar.
418 2592 491 2634 pol.
517 2591 577 2624 lv.
602 2589 640 2632 4,
666 2588 702 2623 4.

250 2652 305 2696 (3)
334 2654 393 2685 Sic
419 2653 591 2685 Libanius
625 2651 810 2687 declamat,
847 2656 982 2692 narrat,
1017 2661 1123 2692 quem
1157 2651 1280 2683 citavit
1306 2650 1535 2687 Monlescuv,

152 2710 177 2744 1.
204 2712 243 2754 1.,
268 2713 294 2749 1.
322 2713 369 2746 11.
396 2723 427 2746 c.
455 2712 491 2750 2.

253 2771 307 2818 (4)
334 2775 393 2808 Ar.
420 2773 491 2817 pol.
520 2773 577 2815 VI,
602 2768 638 2815 4,
662 2769 699 2808 3.

1198 2830 1246 2879 60
