1799 3104
1530 228 1598 278 19

217 368 468 428 phlilosophi
513 370 643 411 nostri
682 368 858 410 illustrat
900 375 941 410 et
972 369 1184 410 veritatem
1215 370 1263 410 iis
1295 368 1494 420 vindicat,
1528 370 1602 411 sed

219 448 384 490 omnino
418 448 538 489 etiam
571 458 772 490 summum
798 447 1007 505 exemplar
1036 446 1225 489 omnibus
1250 446 1483 490 hominibus
1503 463 1601 506 pro-

219 526 338 583 ponit
369 530 447 568 tam
482 541 623 569 eorum
648 540 752 583 quae
785 525 837 568 ad
868 524 1200 584 intelligendum,
1245 539 1365 582 quam
1405 540 1508 583 quae
1551 525 1603 568 ad

220 602 422 661 agendum
448 609 635 662 spectant
653 602 729 662 (1).
792 603 918 647 Redit
952 609 1087 647 autem
1120 609 1406 661 argumentum
1436 603 1529 654 loci,
1562 605 1605 644 in

222 696 301 738 quo
334 684 479 725 nititur
511 682 733 740 disputatio
764 688 903 725 nostra
937 682 987 725 de
1003 682 1095 724 idea
1126 682 1236 733 boni,
1268 681 1355 724 fere
1387 682 1480 724 huc.
1522 681 1605 723 Po-

223 766 310 802 stea
343 763 450 803 enim
483 775 602 818 quam
633 763 915 819 pronuntiavit
954 760 1145 804 Socrates
1180 760 1387 811 Platonis,
1420 759 1607 818 philoso-

220 838 324 895 phos
356 838 569 888 duntaxat,
602 841 671 895 qui
691 854 781 881 cum
813 839 864 881 ad
885 856 929 881 το
956 836 1080 888 ὅντως
1118 836 1162 881 ὅν
1203 837 1447 880 intuendum
1489 837 1605 879 ideo-

221 929 300 971 que
332 915 385 957 ad
416 930 481 957 res
512 917 758 958 immortales
799 919 977 959 animum
1019 918 1338 967 convertissent,
1371 918 1492 959 etiam
1524 917 1605 957 rei-

222 990 410 1048 publicae
480 992 651 1034 salutem
698 992 806 1035 facili
845 996 1009 1051 negotio
1056 1001 1226 1051 possent
1276 996 1438 1045 iuvare,
1480 994 1605 1035 huius

222 1068 499 1126 gubernacula
517 1074 657 1111 tenere
682 1084 850 1111 necesse
868 1084 971 1119 esse,
1002 1072 1082 1111 iam
1101 1073 1248 1112 transit
1266 1071 1318 1112 ad
1341 1071 1607 1128 aperiendum

223 1146 326 1190 illud
347 1144 467 1197 ὅντως
515 1143 569 1190 ὅν.
602 1147 822 1191 Enimvero
862 1149 1088 1206 interrogat
1127 1147 1279 1192 Glanco
1310 1163 1402 1206 pag.
1436 1146 1525 1192 504
1557 1148 1609 1191 A.

222 1235 316 1268 ποῖα
348 1225 395 1280 δὴ
426 1228 547 1281 λέγεις
595 1223 821 1281 μαθήματα
867 1229 1041 1283 μέγιστα.
1124 1225 1333 1275 Quaenam
1373 1242 1470 1269 vero
1510 1227 1611 1268 haec

225 1306 319 1355 sint,
351 1320 420 1355 ea,
460 1304 650 1347 Socrates
683 1306 837 1361 inquit,
879 1310 925 1347 ut
952 1304 1070 1348 nobis
1102 1311 1317 1363 perspecta
1346 1304 1496 1356 forent,
1527 1320 1612 1347 am-

225 1382 397 1440 bagibus
444 1381 688 1439 quibusdam
734 1382 853 1426 nobis
902 1383 1100 1425 utendum
1146 1389 1253 1433 erat,
1298 1386 1351 1426 ita
1392 1389 1527 1426 tamen
1566 1390 1615 1425 ut

227 1462 362 1503 omnia
393 1462 626 1503 necessario
659 1460 783 1503 modo
809 1467 1124 1504 annecterentur
1145 1460 1221 1519 (2),
1287 1460 1445 1510 Quibus
1477 1461 1613 1504 verbis

228 1537 329 1580 nihil
369 1537 480 1579 aliud
524 1537 623 1580 dicit
660 1540 739 1580 nisi
771 1538 872 1588 hoc,
912 1539 1158 1597 praecedere
1190 1538 1382 1581 debuisse
1407 1539 1613 1581 definitio-

229 1631 322 1659 nem
353 1617 555 1665 iustitiae,
600 1621 640 1658 et
683 1631 786 1673 quae
818 1618 860 1658 in
893 1618 1054 1658 civitate
1097 1623 1137 1659 et
1169 1631 1274 1673 quae
1305 1619 1348 1659 in
1379 1617 1615 1660 hominibus

226 1694 347 1737 obvia
386 1695 459 1745 sit,
502 1698 647 1751 utpote
686 1694 793 1736 huus
825 1695 954 1744 vitae,
1007 1709 1110 1751 quae
1141 1696 1184 1737 in
1225 1694 1385 1752 agendo
1425 1702 1614 1738 versetur

230 1787 411 1814 summae
451 1773 635 1822 virtutis,
683 1778 900 1829 antequam
948 1772 1085 1814 divina
1125 1772 1193 1813 illa
1243 1775 1421 1830 cognitio
1460 1775 1618 1830 percipi

232 1856 366 1907 queat.
440 1849 736 1892 Perlustranda
784 1851 908 1907 igitur
949 1849 1138 1892 omnibus
1187 1855 1270 1900 est,
1315 1850 1508 1893 Socrates
1550 1853 1617 1901 ait,

233 1928 374 1971 eadem
406 1929 486 1978 via,
520 1943 640 1985 quam
672 1943 747 1970 nos
778 1943 943 1986 quoque
974 1929 1017 1970 in
1049 1928 1386 1971 antecedentibus
1411 1930 1618 1986 permensi

234 2022 389 2057 sumus,
425 2011 495 2048 aut
531 2006 653 2064 plane
696 2022 780 2050 non
824 2006 875 2049 ad
917 2006 1039 2049 finem
1084 2022 1225 2050 verum
1265 2008 1509 2065 pervenient
1542 2004 1620 2064 (3).

232 2083 335 2127 Nam
371 2084 504 2126 ideam
532 2083 629 2126 boni
664 2086 937 2143 cognitionem
978 2099 1174 2127 summam
1215 2100 1324 2135 esse,
1366 2100 1471 2142 quae
1503 2087 1621 2127 iusti-

236 2164 316 2204 tiae
355 2167 397 2203 et
443 2161 632 2204 omnibus
674 2162 895 2205 virtutibus
942 2178 1072 2209 suam,
1105 2163 1250 2219 cuique
1295 2162 1427 2205 lucem
1467 2161 1624 2213 afferat,

237 2241 327 2297 quis
367 2245 429 2282 est
466 2240 564 2296 quin
604 2238 729 2281 fando
776 2239 979 2282 audiverit
1003 2238 1096 2295 (4)?
1168 2239 1301 2282 Simili
1340 2239 1465 2283 modo
1501 2243 1620 2283 etiam

235 2323 455 2377 regnantes
495 2322 537 2360 et
569 2322 655 2359 tota
684 2316 916 2374 respublica
943 2318 985 2358 in
1017 2316 1197 2360 tenebris
1229 2319 1385 2360 versari
1416 2318 1621 2370 videntur,

236 2398 316 2439 nisi
357 2396 489 2439 ideam
525 2395 623 2439 boni
664 2395 801 2437 intuiti
848 2395 942 2437 sint.
1014 2393 1118 2437 Nam
1138 2397 1201 2438 uti
1231 2397 1390 2440 animus
1423 2411 1625 2440 summum

332 2540 390 2587 (1)
415 2542 471 2575 De
496 2553 568 2586 rep.
595 2543 652 2577 Vl.
679 2554 714 2585 ιι.
731 2539 802 2574 505
826 2541 866 2576 Α.

336 2601 390 2647 (2)
416 2615 451 2646 p.
478 2602 552 2636 504
575 2604 618 2636 Β.

336 2662 389 2707 (3)
415 2676 450 2707 p.
476 2663 550 2697 504
573 2664 620 2699 D,

335 2723 389 2767 (4)
416 2736 450 2766 p.
476 2723 549 2758 505
573 2722 619 2756 A.
646 2724 706 2762 cll.
734 2735 767 2766 p.
792 2720 864 2756 504
890 2722 935 2757 D.
960 2721 1033 2757 506
1058 2721 1104 2759 Α.
1133 2728 1168 2756 et
1192 2723 1333 2759 Phileb.

1285 2781 1335 2827 2.
