1799 3104
188 234 257 280 22

190 378 250 415 est
291 371 473 414 efficiens
515 373 696 413 omnium
728 386 866 413 rerum
900 386 1003 428 quae
1036 371 1112 413 sub
1146 373 1279 414 visum
1312 374 1480 424 cadunt,
1519 375 1580 415 uti

187 451 248 494 sol
285 466 408 494 causa
441 457 504 494 est
524 453 651 494 totius
683 449 824 493 mundi
849 449 1049 502 Visibilis‚
1083 452 1107 493 i.
1138 465 1173 493 e.
1197 452 1259 493 uti
1292 452 1354 494 sol
1387 454 1437 504 ei,
1472 452 1579 510 quod

186 529 313 571 habet
344 529 582 572 facultatem
616 528 783 571 videndi
814 534 854 570 et
887 529 925 569 ei
958 528 1068 585 quod
1101 527 1278 579 videtur,
1313 530 1395 571 vim
1430 536 1471 572 et
1501 530 1581 572 cla-

186 610 349 652 ritatem
384 608 525 660 offert,
569 608 712 651 itidem
747 608 841 651 idea
888 607 986 650 boni
1016 607 1199 651 facultati
1232 608 1290 650 illi
1323 623 1428 666 quae
1473 610 1582 667 cogi-

187 693 266 737 tat,
319 693 360 728 et
405 689 441 728 ei
471 689 531 728 rei
579 701 684 743 quae
727 687 949 743 cogitatur,
997 687 1211 728 veritatem
1241 685 1479 745 suppeditat
1506 687 1581 744 (1).

184 764 328 807 Noluit
356 765 475 807 Plato
504 765 568 807 his
598 764 735 807 verbis
767 763 923 814 dicere,
969 762 1069 820 quid
1097 766 1151 806 sit
1181 764 1274 806 idea
1307 765 1405 808 boni
1432 779 1509 823 per
1540 778 1584 806 se

186 849 371 901 spectata
411 844 484 886 sed
517 844 647 885 voluit
681 844 884 885 duntaxat
915 843 1037 884 animi
1071 840 1406 899 dispositionem,
1443 842 1584 884 condi-

188 924 342 963 tionem
384 922 626 972 ostendere,
679 937 770 963 cum
812 924 891 962 iam
934 920 1004 962 diu
1037 921 1078 961 in
1121 921 1293 962 veritate
1322 922 1382 963 rei
1415 922 1585 963 investi-

184 999 320 1059 ganda
339 998 506 1056 ⁴frustra
530 1005 719 1043 versatus
748 1000 886 1043 subito
918 1014 1075 1042 summa
1095 998 1279 1042 claritate
1305 998 1584 1058 perfunditur.

185 1078 281 1122 Non
310 1081 435 1138 igitur
469 1079 622 1136 ἔκγονος
655 1079 706 1121 de
738 1081 829 1137 ipso
848 1078 935 1129 sole
969 1093 1088 1135 quem
1121 1083 1213 1121 autc
1244 1093 1585 1122 commemorave-

185 1164 269 1209 rat,
312 1158 487 1216 intelligi
519 1163 712 1216 oportere
754 1157 923 1199 videtur
941 1155 1028 1213 (2);
1062 1162 1102 1198 at
1134 1156 1213 1199 hoc
1244 1159 1384 1215 potius
1416 1158 1586 1216 profite-

186 1243 273 1287 tur,
309 1236 419 1278 nolle
460 1251 503 1278 se
544 1236 700 1286 dicere,
743 1234 843 1292 quid
882 1236 1019 1292 ipsum
1061 1233 1224 1292 bonumx
1250 1236 1324 1284 sit,
1358 1235 1432 1277 sed
1462 1235 1585 1278 modo

186 1314 287 1373 quid
321 1314 373 1357 ad
402 1329 468 1356 res
512 1314 694 1372 singulas
738 1313 870 1355 valeat
903 1318 944 1354 et
975 1311 1147 1362 efficiat,
1182 1311 1401 1356 declarare.
1467 1313 1587 1363 Quod

187 1407 432 1451 quamquam
477 1407 561 1434 non
590 1393 691 1449 ipsis
722 1391 859 1452 verbis
888 1389 1064 1440 indicat,
1103 1395 1282 1433 attamen
1313 1392 1488 1449 imagine
1520 1392 1588 1435 illa

189 1472 385 1529 exprimit
404 1469 480 1528 (3)
547 1469 668 1519 Quod
700 1471 734 1512 si
764 1474 876 1512 recte
910 1469 1190 1519 statuerimus,
1224 1468 1490 1513 nihilominus
1523 1472 1586 1529 ip-

184 1552 269 1592 sius
303 1550 401 1591 boni
422 1548 704 1591 definitionem
737 1547 937 1590 exhibuit.
1005 1545 1108 1588 Nam
1142 1551 1280 1589 utrum
1310 1547 1454 1598 dicam,
1489 1549 1588 1606 quid

185 1629 237 1671 sit
269 1629 358 1686 ipsa
392 1642 471 1677 res,
503 1642 556 1668 an
587 1625 689 1684 quid
720 1625 871 1668 efficiat
903 1630 943 1667 et
959 1623 1170 1684 praebeat,
1201 1639 1286 1667 non
1316 1628 1491 1672 multum
1523 1629 1587 1671 in-

184 1713 327 1749 terest.
398 1705 563 1747 Bonum
606 1707 743 1763 ipsum
784 1705 883 1762 quid
925 1707 1000 1754 sit.
1034 1709 1154 1751 Plato
1188 1714 1298 1752 certo
1330 1707 1454 1751 modo
1487 1721 1587 1750 nus·

190 1800 312 1844 quam
354 1784 596 1835 declaravit,
640 1786 719 1827 nisi
761 1783 941 1828 volueris
983 1788 1026 1829 in
1067 1802 1115 1829 ea
1160 1786 1419 1838 definitione,
1469 1801 1588 1843 quam

190 1866 414 1921 scriptores
435 1869 604 1905 narrant
636 1878 729 1905 eum
760 1864 799 1905 in
834 1864 1047 1921 colloquiis
1066 1864 1243 1917 dedisse,
1276 1865 1428 1908 bonum
1453 1863 1589 1907 Unum

189 1957 280 1987 esse
313 1941 396 2000 (4),
445 1944 718 2000 requiescere,
782 1942 924 1999 Itaque
957 1958 1010 1986 ex
1043 1945 1235 1987 universa
1264 1945 1424 1987 ratione
1452 1943 1588 2001 philo-

191 2021 362 2080 sophiae
419 2020 654 2064 Platonicae
710 2022 926 2078 imaginem
984 2023 1072 2064 eius
1132 2026 1364 2080 repetamus
1421 2035 1589 2065 necesse

188 2107 251 2144 est
285 2100 365 2158 (5).

289 2257 345 2304 (l)
398 2260 452 2292 De
479 2271 554 2301 rep.
585 2260 655 2300 VI„
683 2271 715 2301 p.
743 2257 816 2292 506
842 2261 884 2293 Β.

291 2316 348 2364 (2)
386 2321 428 2352 cl'.
474 2320 576 2363 Kapp
611 2320 649 2351 in
687 2320 793 2354 libro.
846 2320 988 2352 Platons
1024 2319 1354 2360 Erziehungslehre
1386 2318 1439 2350 als
1477 2318 1587 2351 Pada-

190 2381 297 2422 gogik
336 2381 394 2411 fiir
430 2381 489 2411 (lie
528 2380 733 2413 Einzelnen
771 2381 844 2412 und
872 2381 924 2412 als
966 2379 1304 2423 Slaatspadagogik‚
1343 2379 1429 2411 oder
1464 2379 1589 2412 dessen

186 2442 389 2484 praktische
416 2441 659 2483 Philosophie,
686 2452 765 2483 pag.
798 2440 878 2474 174.

288 2499 343 2546 (3)
366 2502 410 2535 cf.
438 2502 481 2534 «le
508 2512 583 2544 rep.
611 2503 685 2542 vt,
712 2514 745 2544 p.
772 2500 845 2535 508
871 2503 911 2537 B.
939 2513 1026 2544 sqq„
1053 2499 1126 2534 509
1151 2501 1215 2543 B.;
1243 2500 1305 2535 cll.
1333 2501 1424 2543 vll„
1449 2500 1521 2534 517
1548 2502 1587 2536 B.

290 2561 343 2606 (4)
372 2564 417 2597 cl.
446 2562 552 2604 Gorg.
580 2574 614 2604 p.
642 2561 714 2595 504
727 2572 826 2604 sqq.;
855 2564 947 2596 Tim.
975 2574 1009 2604 p.
1036 2560 1083 2593 31
1110 2562 1157 2593 A:
1187 2561 1230 2593 cle
1256 2572 1331 2604 rep.
1359 2563 1429 2603 IV„
1455 2574 1490 2604 ι».
1517 2560 1590 2594 423

188 2624 254 2660 Ι),;
282 2624 325 2655 de
351 2624 442 2664 legg.
471 2624 523 2665 V„
549 2634 582 2664 p,
610 2622 680 2656 739
708 2624 776 2662 D.;
807 2624 921 2664 vm„
947 2634 982 2663 p,
1008 2620 1081 2654 828
1107 2621 1149 2654 Ε.

291 2680 345 2725 (5)
382 2684 573 2715 Notionem
609 2684 696 2714 boni
731 2684 832 2715 Plato
858 2684 897 2714 in
924 2682 1064 2716 Phileb.
1093 2693 1127 2724 ι».
1154 2680 1203 2714 65
1239 2684 1280 2717 Α.
1308 2683 1389 2715 idea
1415 2683 1588 2725 pulcritu-

190 2745 298 2780 «linis,
327 2743 425 2776 modi
453 2748 488 2774 et
522 2744 680 2775 veritatis
717 2743 869 2784 exprimi
902 2742 1059 2775 declarat
1110 2744 1294 2784 Ceterum,
1322 2744 1360 2777 id
1386 2744 1480 2786 quod
1505 2754 1590 2777 con·
