1799 3104
230 406 578 464 complementum
612 419 702 447 esse
730 418 884 455 eorum,
917 419 1020 461 quae
1052 405 1200 461 partim
1226 418 1440 460 nusquam,
1476 404 1622 460 partim

234 483 418 529 nondum
451 485 548 526 satis
585 487 773 526 accurate
791 482 993 540 explicata
1019 480 1210 531 fuissent,
1246 486 1286 523 et
1318 496 1408 523 cum
1439 483 1479 532 ii,
1516 496 1618 538 quo-

231 577 323 606 rum
359 564 525 604 nomina
563 575 785 619 possumus
820 562 939 602 etiam
972 562 1014 602 in
1049 561 1220 602 Timaeo
1253 559 1413 616 legere,
1448 560 1622 599 maxime

233 640 284 683 de
315 639 524 698 republica
552 652 762 681 sermones
796 637 987 681 audiendi
1010 637 1184 680 fuissent
1215 636 1375 694 cupidi,
1409 635 1625 679 Platonem

231 724 362 761 totum
402 733 506 777 opus
538 719 750 766 Πολιτείας
780 718 942 760 nomine
978 717 1245 774 inscripsisse.
1311 716 1504 772 Plerique
1548 715 1624 755 viri

233 796 354 846 docti,
389 797 458 852 qui
486 801 556 837 aut
582 800 891 837 antecesserunt
924 800 995 835 aut
1027 799 1315 835 successerunt
1347 792 1618 834 Schleierma-

231 874 375 924 chero,
422 874 489 915 alii
530 875 572 915 in
610 874 878 929 inscriptione
910 873 1133 914 haeserunt
1166 878 1206 913 et
1238 871 1288 912 de
1321 873 1482 912 civitate
1524 886 1620 912 con-

232 949 366 990 denda
396 949 571 990 maxime
605 949 892 990 existimarunt
923 950 1008 1005 agi,
1056 948 1121 988 alii
1156 963 1247 989 cum
1279 947 1493 997 vidissent,
1527 947 1621 990 Pla-

230 1032 367 1067 tonem
409 1027 544 1080 ipsum
594 1031 635 1065 et
676 1026 792 1064 initio
836 1030 876 1064 et
905 1024 986 1064 fine
1019 1030 1059 1064 et
1090 1025 1368 1081 compluribus
1398 1025 1499 1065 locis
1533 1024 1621 1065 aliis

229 1102 406 1152 dixisse,
449 1116 492 1143 se
526 1100 577 1141 de
616 1101 771 1141 iustitia
812 1099 889 1141 hoc
936 1115 1060 1157 opere
1108 1100 1325 1151 disserere,
1372 1101 1422 1142 de
1462 1102 1619 1143 iustitia

226 1181 487 1238 potissimum
528 1177 750 1219 voluerunt
787 1179 863 1234 agi4
935 1177 1119 1234 Utraque
1159 1193 1254 1234 pars
1296 1193 1390 1219 suas
1441 1181 1622 1220 rationes

228 1256 278 1299 ad
327 1257 571 1298 sententiam
614 1269 729 1296 suam
764 1253 1066 1295 defendendam
1102 1255 1260 1305 attulit,
1295 1271 1396 1312 quas
1426 1256 1493 1297 hic
1525 1271 1620 1312 per-

227 1334 402 1375 lustrare
433 1333 602 1389 longum
630 1337 692 1372 est
724 1337 764 1372 et
788 1345 1150 1387 supervacaneum.
1215 1332 1407 1388 Plerique
1431 1338 1620 1374 auctores

226 1412 476 1453 recentiores
506 1408 686 1451 medium
728 1407 934 1465 quoddam
975 1416 1212 1460 suaserunt,
1251 1409 1301 1451 de
1343 1412 1518 1467 imagine
1556 1412 1621 1467 agi

225 1486 433 1547 perfectae
478 1491 518 1528 et
553 1491 857 1528 consummatae
890 1488 1073 1536 virtutis,
1117 1487 1247 1543 qualis
1279 1489 1322 1529 in
1346 1489 1456 1530 omni
1488 1488 1621 1529 homi-

227 1579 325 1607 num
352 1565 435 1606 vita
466 1569 548 1605 tam
579 1565 737 1621 privata
767 1577 887 1619 quam
916 1562 1079 1620 publica
1115 1569 1154 1605 et
1179 1566 1382 1606 communi
1418 1566 1528 1606 cerni
1548 1563 1618 1605 de-

227 1642 320 1685 beat
349 1643 520 1698 eiusque
556 1639 719 1682 ostendi
749 1642 829 1681 vim
856 1647 895 1682 et
926 1643 1216 1697 praestantiam
1243 1639 1318 1697 (1)
1383 1641 1480 1691 Alii,
1515 1656 1616 1698 quo-

223 1734 314 1762 rum
355 1719 604 1777 praecipuus
647 1715 840 1759 defensor
891 1723 952 1759 est
987 1717 1358 1775 Mox-gensternius‚
1403 1718 1629 1761 Platonem-

227 1796 433 1854 explicare
464 1795 646 1837 voluisse
678 1800 877 1852 putarunt
911 1795 1088 1837 hominis
1114 1797 1265 1837 virtute
1305 1796 1481 1854 praediti
1523 1811 1618 1838 con-

227 1875 423 1917 ditionem
456 1888 531 1916 seu
561 1873 685 1915 finem
708 1873 901 1914 moralem
921 1872 995 1929 (2).
1059 1873 1145 1915 Alii
1169 1874 1285 1916 aliter
1318 1876 1617 1917 existimarunt.

225 1951 356 2003 Quam
415 1950 778 1994 Schleiermacheri
813 1952 1056 1992 sententiam
1090 1966 1179 1993 esse
1214 1951 1413 2002 diximus,
1461 1954 1616 1995 animos

224 2030 448 2087 legentium
471 2028 522 2070 ad
550 2028 860 2085 amplitudinem
884 2043 1035 2078 rerum,
1068 2044 1171 2084 quae
1195 2031 1237 2071 in
1256 2030 1334 2071 hoc
1352 2044 1476 2086 opere
1494 2032 1617 2071 unius

224 2106 341 2149 ideae
372 2106 521 2149 obtutu
562 2104 827 2149 adumbratae
869 2111 988 2156 sunt,
1036 2109 1197 2165 egregie
1231 2121 1323 2149 eum
1367 2110 1616 2150 convertisse

224 2198 308 2227 non
362 2182 594 2241 negandum
649 2190 723 2226 est..
775 2182 954 2239 »Omnes
998 2186 1104 2226 enim
1145 2185 1430 2242 philosophiae
1478 2192 1616 2241 partes

225 2261 482 2320 amplectitur
506 2265 547 2302 et
578 2274 704 2302 unum
728 2260 806 2302 hoc
841 2261 1131 2303 documentum
1164 2260 1316 2303 sufficit
1347 2262 1398 2303 ad
1442 2262 1612 2306 demon-

226 2339 459 2391 strandum,
507 2338 719 2381 Platonem
770 2337 1056 2395 philosophiae
1105 2345 1145 2380 et
1192 2341 1385 2382 scientiae
1425 2342 1615 2398 politicae

323 2481 380 2530 (1)
408 2484 608 2518 stallbaum
634 2486 673 2517 iu
689 2484 927 2527 prolegomen.
957 2485 1000 2517 al
1028 2486 1232 2528 edinpoiit.
1261 2487 1362 2528 Plau„
1391 2498 1424 2528 p.
1454 2488 1612 2519 xxxi!-

225 2551 260 2579 οἱ
284 2557 319 2588 1».
346 2546 446 2578 XLI.

321 2603 375 2649 (2)
401 2605 672 2648 Morgenstern:
708 2606 1019 2639 commentationes
1054 2612 1123 2639 tres
1158 2608 1200 2639 de
1236 2607 1392 2639 Platonis
1427 2608 1613 2649 republica

225 2665 308 2703 Hal,
335 2664 423 2700 sax.
451 2665 558 2706 1794,
585 2667 621 2703 8.
648 2678 724 2709 pag.
750 2666 799 2699 50
823 2677 895 2707 sqq.
