1799 3104
1549 264 1615 314 21

238 424 400 455 causam
433 422 698 466 assequamur
729 406 794 449 vel
822 411 869 449 ut
898 405 1194 464 intelligamus,
1237 406 1295 447 sic
1324 420 1460 464 neque
1502 405 1621 448 aliter

236 505 322 533 rem
352 503 475 545 posse
510 504 553 531 se
586 487 750 538 habere,
787 501 891 544 opus
920 492 983 529 est
1001 486 1124 528 tertio
1144 483 1334 541 quodam,
1366 486 1476 542 quod
1503 487 1620 543 quasi

236 566 416 610 medium
465 567 573 608 inter
602 565 718 608 duas
760 579 826 608 res
875 567 1111 623 interponat
1158 577 1380 620 earumque
1421 565 1620 605 rationem

238 644 428 688 ostendat
445 642 520 703 (1).
585 644 645 687 Ita
677 647 783 688 enim
818 645 867 688 ab
899 644 1105 687 exteriore
1126 644 1186 685 rei
1209 641 1354 692 forma,
1389 656 1494 699 quae
1528 656 1622 683 sen-

238 724 350 768 sibus
383 726 630 784 percipitur,
667 726 862 768 transitus
897 724 943 766 fit
975 723 1023 766 ad
1061 724 1335 781 cognitionem
1358 719 1435 779 (2),
1471 736 1550 779 qua
1577 736 1621 763 re

236 804 314 846 hoc
357 803 473 856 dicit,
516 809 694 847 mentem
737 806 778 846 in
815 818 977 854 rerum,
1024 816 1127 859 quae
1169 803 1212 843 in
1254 816 1420 843 sensum
1462 800 1621 850 cadant,

237 882 442 925 solvendis
484 882 829 926 disiunctionibus
872 883 1048 931 versari,
1100 886 1140 923 et
1187 895 1276 923 esse
1318 879 1619 938 philosophiae,

236 960 388 1003 mundo
418 960 582 1003 Visibili
624 963 694 1017 qui
737 967 846 1004 caret
892 975 1026 1003 rerum
1076 959 1267 1001 firmitate
1308 974 1353 1000 ac
1393 960 1624 1000 constantia

236 1051 446 1096 opponere
476 1037 799 1096 Intelligibilem,
838 1040 880 1080 in
913 1053 993 1096 quo
1036 1053 1176 1081 omnes
1218 1052 1356 1080 rerum
1388 1038 1619 1096 oppositio-

236 1133 308 1160 nes
344 1117 396 1159 ad
430 1116 660 1159 absolutam
690 1117 898 1159 Unitatem
936 1116 1185 1174 redigantur.
1251 1117 1351 1159 Cum
1384 1119 1510 1174 igitur
1539 1118 1623 1174 pri-

239 1210 349 1238 mum
373 1210 458 1238 rem
478 1196 608 1253 ipsam
631 1200 854 1245 teneamus,
894 1194 1042 1237 deinde
1067 1195 1233 1238 alterius
1252 1196 1454 1237 rationem
1473 1194 1625 1237 habea—

238 1289 350 1325 mus,
403 1288 508 1331 opus
550 1279 611 1315 est
651 1278 810 1323 mente,
850 1274 1103 1331 cognitione,
1147 1287 1251 1330 quae
1289 1278 1503 1330 utramque
1541 1274 1625 1314 suis

237 1351 388 1395 finibus
421 1356 600 1403 coercet,
643 1357 765 1408 atque
797 1353 878 1393 vim
910 1357 950 1394 et
982 1353 1192 1394 notionem
1211 1353 1431 1409 proponit.
1495 1351 1626 1393 Acce-

240 1429 298 1471 dit
333 1430 498 1488 quidem
530 1431 650 1472 etiam
676 1431 718 1472 in
748 1432 796 1472 iis
814 1430 951 1481 rebus,
987 1445 1090 1488 quae
1126 1430 1215 1472 aliis
1247 1429 1449 1480 sensibus,
1482 1429 1627 1472 auditu

238 1514 278 1551 et
311 1514 386 1552 cet.
419 1510 727 1567 percipiuntur,
774 1511 941 1551 tertium
973 1509 1201 1565 quoddam,
1235 1509 1363 1551 veluti
1397 1512 1478 1551 ae'r.
1545 1509 1625 1551 Cu-

240 1588 302 1630 ius
346 1593 482 1630 tamen
523 1588 584 1629 rei
622 1588 872 1630 mentionem
922 1586 1057 1630 facere
1098 1587 1216 1630 Plato
1268 1587 1504 1646 supersedit
1548 1603 1624 1630 nec

236 1667 512 1709 necessarium
554 1669 735 1724 putavit3
769 1666 842 1709 sed
881 1667 1035 1716 visum,
1078 1668 1230 1724 quippe
1264 1668 1333 1724 qui
1366 1682 1388 1708 a
1422 1668 1461 1708 vi
1501 1668 1626 1709 animi

237 1746 438 1787 intuentis
472 1747 662 1803 proxime
695 1745 813 1796 absit,
848 1750 942 1787 ante
975 1759 1116 1787 omnes
1138 1751 1438 1787 commemorat.
1502 1744 1627 1788 Nam-

237 1839 316 1880 que
347 1825 514 1866 tertium
546 1823 661 1874 illud,
694 1824 804 1881 quod
835 1829 999 1881 oportet
1025 1823 1232 1874 accedere,
1266 1830 1313 1866 ut
1346 1830 1386 1866 et
1422 1825 1529 1866 oculi
1561 1825 1625 1867 lu—

236 1916 330 1943 men
368 1902 465 1944 solis
505 1901 667 1953 videre,
721 1907 761 1943 et
801 1903 889 1960 ipsa
930 1901 979 1944 τὰ
1020 1899 1201 1958 ὁρώμενα
1247 1904 1413 1960 agnosci
1452 1904 1625 1961 possint,

238 1979 441 2023 eiusmodi
477 1986 550 2031 est,
583 1986 630 2023 ut
662 1996 742 2038 quo
775 1979 929 2023 diutius
961 1986 1001 2022 et
1036 1997 1117 2038 quo
1137 1983 1365 2024 accuratius
1399 1996 1465 2023 res
1499 1984 1628 2039 inspi-

238 2060 386 2109 cimus,
431 2074 478 2100 eo
521 2060 647 2116 magis
689 2061 867 2101 animum
912 2065 1171 2117 permoveat,
1209 2065 1257 2101 ut
1295 2059 1368 2101 has
1405 2061 1627 2104 intueatur.

236 2137 309 2179 Est
341 2139 466 2195 igitur
498 2137 559 2180 sol
585 2137 686 2179 illud
720 2140 897 2189 tertium,
931 2138 1040 2196 quod
1067 2138 1203 2181 efficit.
1236 2144 1280 2181 ut
1312 2140 1423 2181 visus
1457 2145 1498 2181 et
1528 2154 1627 2183 ocu-

236 2215 299 2257 lus
331 2230 406 2258 suo
437 2230 607 2258 munere
639 2215 755 2273 fungi
788 2223 951 2273 queant.
1017 2217 1089 2260 Sol
1123 2223 1257 2260 autem
1291 2218 1368 2259 hoc
1400 2223 1480 2267 est,
1514 2219 1627 2276 quod

235 2293 357 2336 rebus
397 2308 592 2335 summam
626 2293 847 2335 claritatem
880 2294 1071 2351 praebet3
1113 2296 1250 2352 itaque
1288 2296 1401 2338 visus
1442 2299 1626 2339 omnium

236 2386 431 2414 sensuum
456 2370 532 2414 soli
563 2376 624 2413 est
655 2371 893 2425 simillimus.
960 2371 1085 2414 Visus
1118 2388 1216 2415 vero
1248 2375 1369 2415 etiam
1405 2381 1627 2432 propterea

236 2454 298 2491 est
330 2463 476 2491 sensus
506 2448 824 2507 pulcherrimus,
857 2451 1034 2492 maxime
1071 2451 1270 2502 sublimis,
1308 2455 1501 2509 quoniam
1535 2455 1626 2495 visu

236 2526 288 2570 ad
331 2527 634 2586 philosophiam
677 2529 936 2587 pervenimus
973 2527 1052 2585 (3).
1125 2530 1193 2573 Uti
1232 2533 1357 2589 igitur
1395 2532 1454 2573 sol
1504 2546 1625 2574 causa

333 2655 390 2703 (l)
420 2659 509 2691 Plat.
534 2659 578 2690 (le
604 2670 678 2700 rep.
706 2660 761 2693 Vl.
789 2670 808 2700 p
846 2657 917 2691 507
944 2659 983 2691 E.
1014 2676 1058 2683 -—-
1085 2659 1157 2693 508
1184 2662 1221 2695 s.

335 2714 391 2762 (2)
418 2720 462 2751 (le
487 2730 559 2760 rep.
588 2720 658 2755 Vll.
686 2731 717 2762 p.
744 2718 825 2753 523.
877 2720 914 2752 C.

332 2776 388 2819 (3)
414 2779 506 2814 Tim.
534 2791 610 2822 pag.
637 2780 684 2813 4¹7
705 2781 744 2816 B.
771 2781 832 2819 cll.
859 2781 902 2813 (le
930 2790 1003 2824 rep.
1032 2783 1086 2817 Vl.
1114 2794 1148 2825 p,
1174 2781 1244 2815 507
1273 2784 1311 2816 (ἶ.
1339 2793 1412 2824 sqq.
