1799 3104
1461 307 1529 358 89

144 450 207 491 his
247 445 383 489 verbis
437 449 659 491 constituta
709 455 824 492 erant
844 447 928 507 (1):
996 450 1186 506 »γίγνεται
1234 451 1362 493 τοίνυν
1409 449 1535 502 πόλις,

145 527 226 569 ἐπεὶ
271 522 448 581 τυγχάνει
489 525 597 582 ἡμῶν
636 526 798 579 ἕκαστος
850 528 919 572 οὐκ
968 525 1184 585 αὐτάρκης,
1233 527 1335 573 ἀλλὰ
1381 532 1536 574 πολλῶν

144 601 310 659 swevis-,a
401 602 487 647 Sed
535 621 625 648 cum
670 606 797 660 dicat,
838 608 988 652 debere
1018 623 1107 659 res,
1167 623 1272 665 quae
1309 611 1349 651 in
1388 615 1534 652 natura

144 684 366 734 exsistant,
409 698 499 725 sese
540 687 772 728 consociare
790 685 875 743 (2),
921 692 1042 745 atque
1085 686 1156 729 tali
1199 688 1307 729 inter
1344 686 1532 729 homines

145 763 340 805 societate
383 763 585 806 civitatem
634 766 752 817 oriri,
794 767 881 809 eius
915 767 1114 824 originem
1149 765 1199 809 ab
1232 781 1300 817 ea,
1346 781 1451 823 quae
1491 767 1534 807 in

142 854 277 882 rerum
310 845 456 882 natura
488 843 597 883 cerni
633 841 742 894 dicit,
774 842 865 885 idea
896 841 1084 898 κινήσεως
1116 858 1191 886 seu
1222 845 1415 886 motionis
1458 842 1530 886 de—

143 918 265 961 ducit.
329 919 460 962 Motio
491 922 597 963 enim
631 936 703 964 seu
737 924 840 964 actio
873 938 1033 974 rerum,
1063 924 1104 964 in
1128 938 1207 980 qua
1233 925 1426 965 universa
1457 938 1529 965 na-

140 1003 233 1040 tura
255 998 401 1041 nititur
418 996 494 1056 (3),
529 999 578 1042 ab
610 999 681 1054 ὕλῃ
713 1016 786 1042 seu
819 1003 985 1043 materie
1018 1001 1188 1043 alicuius
1215 1003 1273 1043 rei
1304 1000 1530 1059 proficisci-

141 1079 279 1128 scitur,
315 1079 501 1135 sequitur
518 1078 666 1121 deinde
700 1095 745 1121 ea
775 1096 895 1137 quam
918 1084 1108 1137 ἐνέργειαν
1128 1081 1313 1130 dicimus,
1347 1095 1427 1137 qua
1459 1095 1525 1122 res

141 1155 323 1199 diversas
356 1156 507 1199 formas
542 1159 699 1215 accipit,
733 1158 909 1215 denique
930 1162 1152 1215 ἐντελέχεια,
1187 1160 1302 1216 quasi
1328 1157 1530 1215 quaedam

141 1237 376 1279 continuata
409 1237 533 1279 motio
570 1242 611 1279 et
639 1238 831 1295 perennis
850 1236 936 1295 (4),
982 1239 1038 1280 sic
1078 1243 1125 1280 ut
1167 1237 1352 1295 singulae
1390 1252 1530 1280 rerum

139 1311 293 1357 formae
326 1330 429 1372 quae
472 1321 696 1358 nascuntur
736 1321 844 1358 certo
895 1316 1072 1373 quodam
1115 1321 1155 1357 et
1195 1317 1427 1358 necessario
1463 1330 1529 1357 or-

140 1391 234 1434 dine
266 1399 502 1451 appareant.
576 1393 728 1436 Similis
771 1394 983 1436 hominum
1022 1394 1071 1435 ad
1107 1395 1529 1436 civitatem-coniun-

140 1473 219 1513 ctio
252 1472 310 1522 fit,
344 1478 391 1515 ut
415 1488 518 1530 quae
551 1475 657 1515 inter
689 1488 758 1515 eos
790 1475 1022 1515 inveniatur
1063 1473 1201 1530 dispar
1233 1475 1432 1515 virtutum
1465 1479 1527 1514 at-

139 1564 218 1607 que
262 1551 454 1593 vitiorum
518 1552 620 1593 ratio
684 1550 941 1609 disiungatur
995 1556 1117 1608 atque
1167 1550 1339 1593 alterum
1395 1550 1524 1593 altero

140 1629 403 1687 suppleatur,
448 1630 583 1687 quoad
615 1629 821 1688 perfectae
853 1629 1101 1687 reipublicae
1132 1632 1378 1685 ἐντελεχείας,
1428 1631 1452 1671 i.
1488 1644 1523 1671 e.

140 1709 313 1751 civitatis
344 1723 500 1752 summa
534 1724 622 1751 cum
654 1710 820 1759 virtute,
855 1722 959 1765 quae
989 1707 1222 1751 hominibus
1256 1708 1402 1764 attingi
1431 1712 1524 1765 pot-

140 1792 214 1836 est,
248 1787 458 1844 praeditae
491 1787 662 1828 illustris
695 1789 827 1844 imago
860 1785 1004 1827 effecta
1029 1788 1092 1828 sit.
1159 1785 1249 1834 Quo
1292 1787 1336 1826 in
1376 1799 1526 1842 genere

140 1866 309 1923 originis
343 1880 544 1907 summum
584 1866 827 1922 principium
860 1864 961 1906 latet
999 1863 1288 1921 philosophiae
1319 1863 1527 1905 Aristote-

139 1943 229 1995 liae,
265 1960 286 1985 a
304 1960 384 2001 quo
403 1949 448 1985 ut
466 1943 631 2001 ubique⁷
664 1945 720 1984 ita
738 1944 778 1984 in
808 1941 1176 2000 disceptationibus
1194 1957 1359 1999 quoque
1388 1942 1527 1999 politi-

141 2024 196 2065 cis
238 2025 398 2066 initium
434 2021 543 2065 fecit.
615 2022 908 2079 Philosophiae
958 2023 1084 2079 igitur
1122 2022 1366 2078 principium
1409 2022 1525 2063 initio

140 2103 311 2145 collocat
344 2107 384 2144 et
416 2103 473 2143 sic
507 2100 703 2158 disputat,
727 2107 774 2142 ut
807 2102 942 2142 omnia
968 2102 1139 2142 civitatis
1168 2100 1299 2156 prima
1325 2098 1527 2140 elementa

141 2186 181 2223 et
223 2180 407 2239 singulae
446 2185 584 2237 partes
626 2179 678 2221 ad
720 2179 824 2220 hanc
856 2179 985 2236 legem
1027 2178 1249 2235 dispositae
1291 2178 1384 2218 sint.
1457 2175 1526 2218 Sic

140 2261 306 2302 omnino
340 2258 545 2315 disputat,
587 2262 635 2298 ut
667 2259 783 2313 quasi
814 2258 949 2299 omnia
981 2271 1150 2314 supera,
1193 2253 1344 2304 infera,
1378 2254 1524 2311 prima,

138 2338 301 2389 ultima,
343 2335 476 2379 media
520 2350 685 2377 cernere
720 2334 839 2377 nobis
876 2334 1099 2376 videamur.
1163 2333 1319 2375 Verum
1352 2332 1471 2375 Plato
1506 2347 1528 2373 a

138 2398 422 2474 rebussquae
459 2414 534 2458 sub
568 2429 712 2457 sensus
747 2413 919 2464 cadunt,
957 2411 1167 2470 profectus
1213 2411 1265 2453 ad
1308 2412 1524 2470 superiora

239 2584 290 2625 (l)
321 2584 409 2617 Plau.
438 2584 480 2613 «lc
508 2594 577 2623 rep,
609 2580 653 2622 11,
683 2592 713 2622 p,
741 2579 812 2612 369
841 2580 877 2611 B.
907 2580 950 2611 tle
977 2579 1068 2619 legg.
1096 2579 1153 2619 lll,
1182 2589 1213 2618 1⁸,
1243 2578 1327 2611 678.

238 2644 291 2686 (2)
320 2647 377 2677 Ar.
407 2644 476 2684 pol.
506 2644 534 2684 1,
566 2644 594 2682 1,
621 2642 654 2681 4,
990 2683 992 2686 ι

238 2704 291 2744 (3)
320 2706 378 2736 Ar.
407 2705 544 2746 physic.
572 2714 665 2733 ausc.
695 2702 720 2733 1,
750 2702 795 2740 1¹,
823 2712 852 2732 c.
881 2700 914 2738 9,
948 2699 999 2733 10,
1042 2699 1109 2738 111,
1138 2698 1169 2738 l,
1196 2698 1230 2729 6.
1260 2697 1293 2728 9.

239 2763 291 2805 (4)
320 2764 465 2804 Hegel
488 2764 510 2795 1.
540 2764 565 2795 1.
596 2775 627 2804 p.
661 2760 743 2795 345.
784 2761 863 2801 „det
889 2760 1017 2791 Zweck
1054 2760 1098 2789 ist
1133 2759 1195 2789 der
1222 2757 1359 2798 Begriff
1390 2758 1440 2788 als
1467 2757 1525 2787 das

139 2822 214 2855 sich
242 2824 290 2856 im
316 2824 483 2856 Ande-ren
508 2818 933 2854 wicum-herstelleadest*
