1799 3104
173 230 244 282 10

175 370 491 431 inseparabilem
532 372 863 414 coniunctionem
896 373 1090 415 statuisse
1121 369 1199 430 (1),
1262 371 1349 416 Nos
1392 373 1571 432 quidem,

174 456 220 493 ut
262 452 510 493 sententiam
550 455 734 492 nostram
777 448 827 490 de
872 449 1057 492 Platonis
1109 450 1361 507 reipublicae
1402 452 1571 494 consilio

175 530 431 587 aperiamuS‚
470 514 632 572 nullamv
671 527 817 570 harum
857 530 1155 572 sententiarum
1192 543 1268 571 nos
1300 532 1418 586 sequi
1453 546 1573 588 posse

175 606 434 666 profitemur,
469 607 544 649 sed
576 621 774 648 summam
805 607 1058 664 reipublicae
1091 607 1223 650 ideam
1254 607 1318 650 his
1349 606 1464 651 libris
1499 624 1572 652 ex-

175 688 352 745 positam
393 701 483 729 esse
529 699 763 734 censemus,
799 687 842 726 in
887 685 1007 741 cujus
1047 685 1316 729 fundamento
1369 687 1578 745 quaelibet

176 766 331 814 civitas,
364 764 407 805 in
438 778 520 821 qua
552 762 603 805 de
644 764 794 805 civium
834 761 1065 817 εὐδαιμονίᾳ
1095 769 1261 821 agatur,
1302 766 1378 807 niti
1416 764 1575 807 debeat.

175 841 294 883 Hanc
333 846 470 883 autem
499 840 634 883 ideam
674 840 925 897 reipublicae
971 855 994 881 a
1042 840 1216 883 Platone
1259 841 1442 893 allatam,
1487 857 1576 884 esse

176 918 311 961 ideam
343 918 464 969 boni,
501 920 574 961 vix
607 917 879 961 dubitaverim
913 917 1115 976 equidem.
1179 918 1227 962 In
1255 918 1422 963 Unitate
1456 919 1575 963 abso-

176 997 275 1047 luta,
309 998 353 1038 in
385 998 474 1054 ipsa
522 994 707 1053 perfecta
750 995 828 1037 Dei
862 996 1129 1039 similitudine
1161 997 1373 1040 hominum
1404 997 1576 1040 felicita-

178 1081 258 1118 tem
296 1076 397 1133 poni
441 1073 592 1117 debere
633 1073 752 1116 Plato
784 1073 1016 1132 profitetur.
1083 1073 1169 1117 Sed
1201 1077 1356 1126 civitas,
1402 1091 1490 1118 cum
1524 1078 1579 1119 sit

176 1153 390 1195 hominum
415 1154 604 1202 societas,
635 1166 739 1209 quae
768 1166 853 1193 non
870 1152 993 1194 modo
1023 1154 1067 1194 in
1084 1158 1221 1195 mente
1254 1153 1328 1195 sed
1368 1156 1411 1196 in
1440 1168 1578 1197 rerum

178 1236 326 1273 natura
359 1235 509 1280 exstat,
542 1231 717 1271 virtutes
751 1228 949 1286 quasdam
978 1229 1129 1271 habeat
1160 1215 1329 1272 necesse
1365 1236 1440 1281 est,
1474 1246 1578 1287 quae

178 1313 277 1351 sunt
301 1322 400 1351 vera
417 1309 506 1351 eius
530 1306 752 1349 elementa:
786 1308 930 1361 σοφία,
952 1306 1124 1363 ἀνδρεία,
1149 1305 1397 1364 σωφροσύνη,
1429 1312 1579 1351 δικαιο-

179 1384 288 1440 σύνη.
319 1386 483 1430 Iustitia
506 1398 664 1426 summa
683 1388 746 1426 est
764 1385 895 1426 virtus
912 1384 1040 1440 hujus
1056 1386 1166 1426 vitae
1184 1390 1225 1426 et
1242 1398 1444 1427 summum
1463 1384 1577 1427 fasti-

178 1465 306 1523 gium,
334 1462 387 1505 ad
404 1461 518 1520 quod
535 1461 725 1504 homines
745 1475 823 1520 pro
844 1461 1117 1505 humanarum
1133 1463 1283 1505 virium
1300 1462 1579 1506 imbecillitate

177 1542 397 1600 pervenire
413 1545 603 1599 possunt.
667 1539 742 1582 Est
761 1541 869 1582 enim
888 1541 1059 1591 iustitia,
1088 1545 1136 1582 ut
1154 1540 1292 1592 homo,
1323 1554 1429 1598 quae
1447 1542 1578 1599 ipsius

180 1622 283 1672 sint,
325 1633 447 1678 quam
490 1619 795 1662 accuratissime
834 1624 1005 1676 peragat
1023 1616 1099 1676 (2).
1162 1616 1266 1662 Nam
1299 1617 1415 1662 Deus
1446 1618 1581 1662 homi-

180 1713 255 1741 nes
278 1697 382 1741 tales
404 1698 570 1747 creavit,
602 1702 650 1739 ut
681 1702 752 1739 aut
778 1697 978 1754 sapientia
1004 1696 1181 1754 praediti
1207 1711 1410 1739 summum
1441 1697 1578 1749 finem,

181 1776 261 1820 Dei
307 1775 616 1817 similitudinem
659 1781 752 1817 ante
785 1774 928 1816 oculos
964 1774 1143 1817 habeant
1193 1780 1315 1832 atque
1347 1775 1426 1817 hoc
1457 1775 1580 1817 modo

184 1853 297 1913 digni
329 1855 424 1905 sint,
459 1854 529 1910 qui
559 1853 733 1895 civitatis
766 1852 1091 1911 gubernaculum
1123 1858 1293 1895 teneant
1324 1854 1495 1911 eiusque
1518 1852 1579 1896 fe-

180 1933 325 1975 licitati
358 1931 597 1982 consulant3
632 1937 703 1973 aut
735 1930 924 1973 homines
958 1937 1056 1973 sunt
1086 1930 1303 1982 eiusmodi,
1336 1936 1383 1973 ut
1413 1946 1497 1973 non
1529 1946 1582 1975 ex

185 2012 432 2069 cognitionis
473 2008 638 2066 quidem
674 2007 810 2060 fonte,
843 2014 884 2052 at
911 2008 1105 2052 facultate
1146 2008 1294 2067 agendi
1326 2011 1579 2067 vimssreipu-

181 2089 312 2133 blicae
343 2088 564 2131 salutarem
599 2092 841 2138 exerceant3
886 2092 957 2129 aut
998 2087 1176 2145 denique
1215 2102 1264 2129 ea
1301 2088 1455 2129 virtute
1492 2087 1582 2144 (σω-

183 2165 389 2224 φροσύνῃ),
422 2165 601 2224 praediti
632 2171 729 2207 sunt
762 2180 883 2223 quam
915 2165 1163 2208 Aristoteles
1193 2165 1334 2223 paullo
1359 2165 1489 2217 aliter,
1525 2166 1581 2207 si-

184 2245 272 2287 mili
302 2250 441 2287 tamen
472 2243 595 2287 modo
627 2245 822 2286 virtutem
855 2246 963 2286 servi
994 2246 1206 2302 propriam
1239 2243 1419 2285 exhibet.
1484 2242 1582 2285 Om-

183 2322 307 2367 nibus
355 2336 452 2364 vero
500 2321 738 2365 hominibus
779 2323 936 2380 pariter
986 2323 1072 2364 sive
1115 2335 1273 2365 summa
1319 2321 1405 2363 sive
1443 2320 1582 2364 infima

183 2404 338 2443 virtute
375 2399 573 2457 praeditis
621 2401 779 2442 iustitia
823 2399 1020 2443 divinitus
1052 2401 1176 2442 insita
1209 2403 1283 2440 est.
1345 2395 1580 2457 Neque'ta-

285 2544 342 2592 (1)
370 2547 474 2580 Hanc
500 2557 575 2577 rem
601 2548 731 2588 optime
754 2548 950 2589 explicavit
975 2548 1021 2582 H.
1050 2546 1152 2580 Guil.
1181 2546 1358 2578 Broeeker
1382 2548 1421 2579 in
1445 2548 1576 2580 libello

186 2608 439 2646 „Politicorum
474 2617 566 2649 quae
605 2608 805 2639 docuerunt
843 2608 945 2640 Plato
985 2613 1020 2638 et
1059 2606 1266 2638 Aristoteles
1307 2607 1507 2650 disquisitio
1547 2613 1581 2639 et

187 2669 415 2711 comparatio,
440 2667 585 2709 Lipsiae
612 2667 739 2701 1824.“
764 2670 803 2699 in
830 2670 971 2709 scripto.

288 2723 347 2772 (2)
373 2727 463 2759 Plat.
490 2727 533 2758 ‹le
558 2737 633 2769 rep.
661 2728 732 2766 lv„
760 2739 836 2770 pag.
861 2727 934 2761 432
959 2728 988 2760 Β
1015 2737 1089 2770 sqq.
