1799 3104
1529 273 1597 324 23

324 417 420 461 Idea
459 418 556 461 boni
592 419 655 460 vis
685 417 754 460 illa
787 422 849 460 est
881 415 1076 467 infinitia‚
1112 431 1191 474 qua
1217 421 1302 459 tota
1334 417 1597 467 universitas,

206 506 291 541 tum
330 513 468 540 earum
499 514 636 541 rerum
675 512 775 554 quas
808 499 940 538 animo
986 503 1109 553 atque
1144 502 1281 537 mente
1315 502 1596 546 contueamur,

206 582 289 620 tum
315 592 417 636 quae
448 577 523 621 sub
557 591 702 621 sensus
730 577 812 620 sint
844 575 1065 628 subiectae,
1099 574 1229 618 veluti
1264 573 1425 633 fulgore
1457 574 1596 633 perlu-

204 662 377 709 straturg
427 663 488 700 est
531 673 687 700 summa
734 656 824 707 lex,
869 657 920 699 ad
959 671 1079 713 quam
1122 670 1264 698 omnes
1307 669 1373 696 res
1408 669 1484 711 pro
1525 669 1599 695 sua

204 752 388 794 quaeque
421 742 567 779 natura
597 736 753 778 relatae
784 742 891 787 sunt,
926 736 1103 792 denique
1136 749 1340 777 summum
1373 732 1597 784 vinculum,

203 829 283 872 quo
313 817 448 857 omnia
489 817 530 857 in
565 814 699 858 Unum
743 817 1061 872 coniunguntur.
1137 813 1264 855 Cuius
1303 812 1420 854 ideae
1454 827 1501 853 ea
1534 818 1597 853 est

202 895 242 934 in
275 894 392 936 nobis
427 895 686 944 conscientia,
721 899 768 934 ut
803 892 981 934 divinam
1020 893 1147 933 totius
1171 889 1315 933 mundi
1343 890 1598 932 harmoniam

203 975 339 1012 mente
379 985 599 1028 possumus
642 970 836 1013 divinare.
907 970 1104 1013 Veritatis
1153 970 1279 1028 igitur
1310 970 1351 1012 in
1384 968 1520 1027 aliqua
1551 983 1597 1011 re

203 1049 493 1107 intelligendae
527 1064 615 1091 cum
647 1049 689 1091 id
722 1052 793 1099 sit,
827 1055 874 1091 ut
910 1049 1206 1091 mutationibus
1238 1064 1402 1100 rerum,
1444 1049 1594 1106 quibus

201 1144 276 1186 pro
306 1127 468 1171 mortali
501 1143 576 1170 sua
606 1133 753 1170 natura
787 1127 1080 1178 subiiciuntur‚
1112 1130 1244 1185 potita
1274 1142 1340 1170 eas
1371 1134 1498 1179 tenat,
1532 1129 1596 1171 in-

202 1212 265 1248 ter
297 1222 339 1248 se
374 1212 588 1249 connectat
612 1212 652 1247 et
682 1208 738 1247 ita
769 1205 904 1248 οὐσίαν
924 1205 985 1263 (1)
1019 1205 1190 1257 εἷ’[ὶείειῐς
1218 1221 1384 1248 censere
1417 1213 1594 1264 poterat,

202 1284 338 1326 ideam
371 1285 468 1327 boni
497 1284 620 1327 rebus
655 1299 769 1326 suam
792 1286 938 1342 cuique
969 1286 1183 1326 veritatem
1217 1283 1440 1327 vindicare.
1508 1283 1598 1333 Qua

201 1369 372 1420 propter
414 1379 489 1405 nos
532 1378 616 1404 non
668 1369 833 1420 oportet
879 1365 1008 1420 ipsam
1059 1364 1330 1420 cognitionem
1376 1378 1465 1404 cum
1506 1363 1599 1404 idea

203 1440 299 1483 boni
332 1446 488 1483 temere
526 1447 795 1492 commutare,
835 1443 868 1483 si
901 1441 1064 1498 quidem
1096 1441 1186 1483 idea
1215 1441 1313 1483 boni
1338 1457 1497 1484 summa
1529 1442 1599 1483 illa

203 1525 263 1561 est
295 1519 372 1561 Dei
405 1520 649 1569 similitudo,
681 1522 769 1576 ipse
803 1522 971 1577 spiritus
1003 1520 1186 1569 divinus,
1230 1522 1299 1576 qui
1331 1526 1372 1562 et.
1403 1520 1527 1563 rebus
1558 1526 1599 1562 et

200 1597 434 1640 hominibus
456 1600 575 1648 inest,
611 1613 690 1654 quo
725 1597 908 1656 singulae
941 1612 1006 1640 res
1042 1603 1083 1640 et
1114 1603 1252 1656 partes
1277 1603 1462 1641 mutuam
1497 1614 1594 1641 con-

200 1677 451 1719 iunctionem
490 1679 693 1720 internam
740 1678 932 1719 inierunt.
1007 1676 1150 1735 Itaque
1199 1680 1461 1737 cognoscitur
1499 1678 1593 1720 idea

200 1754 297 1797 boni
328 1756 371 1797 in
403 1755 573 1814 singulis
605 1760 672 1810 τῆς
704 1753 917 1811 ἐπιστήμης
949 1756 1288 1815 cogitationibus,
1327 1758 1383 1799 ita
1413 1762 1462 1800 ut
1501 1771 1595 1815 par-

199 1836 300 1876 tium
337 1834 508 1877 alicuius
543 1837 735 1877 scientiae
763 1837 965 1878 internam
998 1837 1343 1878 consociationem
1388 1836 1592 1887 ostendat,

200 1911 349 1955 deinde
390 1928 469 1971 qua
500 1915 659 1956 ratione
702 1929 776 1972 pro
810 1919 956 1957 natura
988 1930 1063 1957 sua
1094 1916 1240 1957 summi
1284 1910 1371 1957 eius
1404 1916 1595 1973 principii

198 1993 419 2050 participes
453 1994 546 2044 sint,
583 1993 760 2051 denique
794 1993 1140 2051 quemadmodum
1172 1994 1250 2036 hoc
1283 1995 1416 2051 ipsum
1441 1995 1593 2052 princi-

199 2072 312 2128 pium
345 2073 387 2114 in
420 2074 633 2131 superiore
659 2073 794 2131 aliquo
829 2073 991 2117 vinculo
1022 2075 1232 2117 innitatur.
1297 2071 1400 2116 Nam
1428 2073 1593 2131 quando

199 2253 262 2281 stat
289 2250 381 2281 inter
421 2260 563 2291 onmes,
591 2250 673 2281 idea
711 2251 794 2282 boni
831 2257 865 2282 et
892 2252 1023 2284 bonum
1050 2253 1144 2283 idem
1172 2252 1388 2292 significant,
1430 2252 1484 2283 uti
1517 2252 1593 2294 ipse

199 2310 375 2351 declarat,
410 2321 492 2342 cum
531 2311 636 2342 modo
663 2311 755 2351 hoc,
780 2311 885 2342 modo
913 2312 980 2342 illo
1007 2313 1152 2343 nomine
1178 2317 1300 2343 utatur
1327 2307 1430 2355 (VL,
1459 2324 1492 2354 p.
1520 2312 1593 2345 508

198 2370 251 2410 E;
280 2371 347 2402 vu
364 2396 373 2412 ,
399 2383 434 2413 p,
461 2370 532 2404 517
570 2372 607 2405 C.
652 2372 715 2405 cll.
742 2371 799 2407 VI,
828 2382 860 2412 p.
887 2369 1046 2413 50915.).
1098 2371 1223 2404 Solum
1250 2373 1443 2405 discrimen
1471 2385 1593 2406 eorum

199 2442 290 2471 quae
327 2433 365 2463 in
402 2433 552 2465 Philebo
587 2438 621 2464 et
657 2442 749 2474 quae
783 2432 824 2463 in
849 2432 952 2463 libris
980 2433 1023 2464 de
1050 2434 1237 2474 republica
1270 2435 1407 2476 scriptis
1435 2435 1478 2466 de
1512 2435 1594 2466 idea

199 2491 288 2523 boni
315 2493 481 2536 disputat,
508 2495 576 2527 hoc
603 2499 674 2533 est;
701 2498 739 2525 ut
765 2494 799 2524 in
828 2492 980 2525 Philebo
1007 2494 1045 2525 in
1070 2495 1245 2537 principia
1271 2495 1446 2537 quaedam
1472 2496 1591 2535 cogni-

199 2553 305 2586 tionis
331 2555 529 2595 inquireret
556 2565 750 2596 eorumque
776 2565 856 2586 cum
870 2554 950 2586 idea
978 2555 1063 2587 boui
1091 2557 1396 2598 comparationem
1422 2556 1590 2588 institue·

198 2619 262 2655 ret,
286 2615 325 2646 in
350 2615 445 2648 libro
481 2617 539 2651 VI.
568 2622 688 2649 autem
715 2621 747 2648 et
773 2615 849 2649 vn.
877 2616 1100 2657 reipublicae
1135 2617 1207 2647 vim
1235 2616 1524 2648 Intellectualem
1561 2622 1595 2648 et

199 2674 389 2718 Moralem,
416 2682 454 2708 ut
480 2679 529 2708 ita
556 2678 683 2719 dicam,
723 2687 812 2718 quae
840 2676 925 2707 insit
951 2677 989 2707 in
1041 2677 1121 2708 idea
1150 2677 1256 2717 boni,
1293 2677 1450 2709 studeret
1477 2683 1594 2709 osten·

199 2733 298 2766 dere.

298 2792 352 2836 (l)
379 2796 424 2833 cf.
448 2797 593 2833 Philet».
621 2809 654 2840 p.
681 2797 739 2831 54.
767 2799 824 2841 C.;
852 2798 915 2836 cll.
942 2810 974 2840 p.
1003 2798 1048 2831 16
1076 2798 1209 2837 C,--1·7
1236 2801 1276 2831 Λ,
