1799 3104
1520 343 1588 396 ⁷1

205 499 292 535 tum
342 487 469 531 fuisse
510 489 650 532 docet:
696 513 743 519 ——
791 489 942 546 gradus
982 488 1197 538 describit,
1239 488 1388 545 quibus
1439 489 1591 531 sensim

206 569 327 613 animi
360 567 429 611 illa
460 573 499 612 et
517 569 680 611 virtutis
710 566 908 626 perfectio
941 584 994 611 ex
1026 566 1258 611 civitatibus
1292 573 1332 609 et
1364 584 1417 610 ex
1450 570 1593 626 singu-

204 649 254 690 lis
286 646 521 691 hominibus
554 646 888 704 disparuerit(1).
939 647 984 690 Si
1017 662 1114 689 vero
1138 651 1358 705 regnantes
1389 661 1474 688 non
1498 652 1595 689 sunt

204 740 301 769 vere
328 725 580 784 philosophi,
613 725 753 781 quales
785 726 900 768 Plato
932 726 1032 777 vult,
1067 741 1223 768 sumina
1250 727 1485 784 cognitione
1518 727 1594 767 im-

203 803 324 863 peleti,
366 803 482 845 deest
531 817 695 861 quoque
736 805 866 847 virtus
900 810 1093 855 externa,
1137 819 1242 862 quae
1275 819 1350 847 suo
1389 819 1594 863 quemque

203 897 373 925 munere
403 880 520 939 fungi
536 882 663 925 iubet.
727 882 973 925 Huiusmodi
1004 882 1170 940 gradus,
1202 885 1236 924 si
1267 883 1317 925 ab
1348 885 1502 940 optima
1535 886 1591 924 ci-

208 962 334 1003 vitate
378 958 696 1018 proficiscimur,
747 963 928 1019 quinque
961 966 1125 1004 exstant
1156 967 1196 1004 et
1227 960 1398 1005 totidem
1431 964 1473 1005 in
1504 964 1595 1020 ipso

208 1043 342 1084 animo
370 1038 447 1098 (2)
520 1039 713 1082 Nominat
755 1042 859 1082 enim
907 1042 1084 1097 primum
1132 1042 1447 1091 aristocratiam,
1492 1055 1597 1098 quae

208 1121 368 1162 interna
399 1120 440 1160 vi
473 1133 494 1160 a
525 1118 759 1161 monarchia
788 1118 901 1160 nullo
935 1118 1079 1169 modo,
1120 1118 1193 1161 sed
1227 1125 1398 1161 externa
1439 1126 1598 1162 tantum

209 1196 443 1240 conditione
480 1196 617 1239 differt
637 1195 713 1254 (3).
778 1195 866 1238 Sub
902 1211 985 1238 una
1015 1197 1139 1253 igitur
1177 1198 1345 1239 notione
1379 1196 1461 1240 duo
1494 1197 1595 1239 haec

206 1290 357 1335 genera
399 1274 731 1334 comprehendit,
773 1290 862 1317 cum
921 1276 1009 1317 eius
1051 1289 1135 1317 non
1175 1276 1356 1327 intersit,
1388 1277 1597 1318 civitatum

209 1356 511 1406 institutiones,
547 1360 647 1413 quot
680 1360 721 1397 et
753 1354 893 1412 quales
926 1370 971 1397 re
1002 1369 1100 1397 vera
1134 1357 1386 1406 exstiterint,
1432 1370 1599 1398 enume-

206 1448 297 1476 rare
330 1439 371 1476 et
403 1434 633 1491 explorare,
668 1433 742 1476 sed
775 1448 916 1476 omnes
941 1433 993 1475 ad
1025 1435 1148 1476 unius
1180 1433 1296 1475 ideae
1329 1439 1594 1492 conspectum

209 1512 410 1571 amplecti.
482 1511 589 1555 Num
634 1527 730 1554 vero
773 1528 881 1555 unus
922 1527 973 1554 an
1012 1512 1151 1569 plures
1185 1514 1359 1554 civitat-is
1391 1512 1597 1570 guberna-

210 1590 300 1632 cula
330 1596 509 1641 teneant,
549 1590 650 1631 nihil
683 1589 832 1640 refert,
868 1589 1089 1631 dummodo
1121 1591 1329 1648 principes
1359 1589 1598 1648 philosophi

210 1670 303 1711 sint.
395 1667 616 1711 Proximus
662 1683 787 1726 porro
833 1667 1007 1725 gradus,
1054 1670 1123 1725 qui
1171 1670 1213 1710 in
1267 1670 1474 1711 civitatum
1522 1683 1598 1710 seu

209 1749 370 1804 generis
402 1747 571 1789 humani
601 1747 774 1789 historia
807 1747 930 1788 animi
963 1752 1145 1804 apparet,
1179 1761 1227 1788 eo
1260 1748 1452 1799 cernitur,
1487 1746 1602 1804 quod

209 1825 446 1868 hominibus
488 1841 572 1868 non
613 1825 787 1883 amplius
829 1825 895 1867 hic
928 1825 1031 1868 bene
1064 1825 1211 1883 agendi
1242 1825 1336 1868 finis
1369 1825 1602 1876 videbatur,

210 1909 257 1946 ut
300 1903 627 1962 adipiscerentur
666 1918 776 1954 eam,
829 1896 950 1961 quae>
974 1905 1107 1961 prima
1148 1906 1190 1945 in
1230 1910 1377 1946 natura
1415 1918 1602 1961 quaeque

211 1983 299 2039 ipsa
340 1997 416 2040 per
458 1997 549 2025 sese
600 1981 833 2041 expetenda
876 1988 1004 2032 esset,
1057 1984 1181 2024 vitain
1227 1982 1387 2024 beatam
1436 1984 1478 2023 in
1522 1996 1603 2023 una

213 2062 335 2117 animi
383 2062 535 2102 virtute
575 2062 776 2118 positam,
822 2066 862 2101 et
895 2074 985 2103 cum
1019 2062 1066 2111 ii,
1101 2063 1171 2118 qui
1205 2062 1406 2103 civitatem
1437 2065 1603 2118 regunt,

214 2153 298 2181 non
336 2139 509 2197 amplius
551 2139 839 2197 philosophiae
876 2141 1109 2197 cognitione
1148 2139 1304 2197 impleti
1343 2145 1490 2197 agunt,
1529 2138 1605 2181 sed

212 2219 405 2275 propriae
444 2217 731 2260 imbecillitatis
773 2219 1030 2260 immemores
1061 2223 1230 2276 propter
1276 2219 1439 2260 virtutis
1480 2231 1601 2274 prae-

215 2298 404 2339 stantiam
445 2301 637 2337 externos
679 2294 859 2338 honores
894 2301 935 2338 et
981 2297 1162 2354 praemia
1207 2295 1284 2338 sibi
1327 2301 1522 2354 arrogant
1562 2301 1603 2338 et

210 2372 437 2417 honoribus
471 2378 638 2416 certant.
702 2373 812 2415 Haec
846 2379 908 2416 est
936 2389 1057 2431 quam
1085 2374 1339 2417 timarchiam
1372 2389 1447 2417 seu
1478 2375 1601 2418 timo-

216 2454 380 2496 cratiam
412 2452 509 2496 dicit
526 2451 606 2511 (4),
639 2453 755 2495 cuius
788 2458 992 2497 momenta
1025 2468 1077 2497 ex
1103 2454 1226 2497 unius
1258 2453 1437 2497 hominis
1468 2455 1604 2497 animo

219 2591 499 2602 ——Q-—ss—

314 2672 367 2717 (l)
396 2674 484 2708 Plai.
512 2674 555 2707 (le
582 2674 670 2716 legg.
699 2674 782 2715 vll„
808 2685 841 2715 p.
868 2673 940 2707 816
969 2674 1011 2711 1),
1039 2675 1081 2709 Ε.

314 2734 369 2777 (2)
397 2735 452 2767 De
478 2746 551 2777 rep,
580 2736 654 2776 lv.,
680 2746 711 2776 p,
739 2733 813 2767 444
838 2733 880 2768 C.
907 2735 1008 2776 vm„
1035 2745 1069 2776 p,
1095 2733 1167 2766 544
1194 2734 1234 2766 E.

314 2794 368 2837 (3)
391 2796 443 2828 lb.
472 2796 571 2838 vm„
598 2807 628 2837 p.
655 2794 728 2828 544
752 2794 799 2830 D.

315 2852 369 2897 (4)
397 2855 497 2898 vm„
522 2860 557 2898 p·
584 2854 658 2889 545
682 2855 710 2888 13
736 2871 782 2879 —
808 2852 880 2888 548
907 2856 944 2891 C.
