1799 3104
1517 245 1584 303 25

190 389 269 430 nisi
312 400 381 427 eos
424 392 491 428 tua
531 389 763 430 coniectura
805 388 1006 430 violenter
1043 387 1143 428 velis
1192 387 1449 444 detorquere.
1532 384 1579 427 [Τί

192 467 336 524 igitur,
369 479 419 508 ne
460 468 579 509 nimis
614 469 770 525 copiosi
803 470 951 519 simus,
997 468 1047 510 dc
1081 468 1129 509 iis
1163 471 1320 509 tantum
1351 465 1485 508 verbis
1522 464 1583 507 di-

193 552 351 595 catum,
387 560 489 602 quae
521 545 716 604 leguntur
746 548 786 589 in
817 550 917 606 reip.
954 548 978 590 l.
1014 547 1079 589 ΙΙ..
1114 561 1207 604 pag.
1235 543 1322 588 379
1356 545 1422 595 A„
1459 572 1504 577 —
1542 560 1581 601 p.

192 619 273 665 381
322 623 391 674 B.‚
424 625 494 666 ubi
522 624 609 666 Deo
641 625 823 677 bonitas,
858 626 1161 668 immutabilitas
1200 634 1239 667 et.
1270 626 1417 666 veritas
1451 622 1584 664 vindi-

192 706 358 752 cantur,
400 702 521 760 plane
553 703 628 745 alia
664 710 726 746 est
756 708 857 747 ratio
892 706 1014 746 huius
1044 705 1134 746 loci.
1169 719 1289 761 quam
1323 704 1508 752 illorum‚
1545 703 1585 743 in

191 780 338 837 quibus
372 779 487 823 ideae
519 782 615 825 boni
645 786 893 826 mentionem
926 783 1024 826 facit
1042 783 1121 840 (1).
1186 783 1323 826 ideam
1373 782 1468 823 boni
1520 785 1581 822 ta-

189 858 267 899 lem
299 873 399 909 csse,
436 860 593 917 qualem
620 876 695 903 nos
728 862 959 904 describere
994 862 1241 911 studuimus,
1278 867 1319 902 et
1351 859 1582 902 luculenter

192 935 337 978 effatus
370 944 451 988 est,
497 944 537 980 et
569 939 715 996 quibus
756 943 931 983 maxime
963 947 1125 999 poterat
1156 942 1288 983 causis
1323 940 1579 982 demontsra-

190 1016 261 1065 vit,
300 1013 349 1056 de
380 1013 469 1057 Deo
513 1018 737 1059 exsistente
779 1035 979 1076 nusquam
1019 1022 1241 1077 quaesivit,
1274 1020 1389 1076 quasi
1433 1033 1508 1076 per
1540 1032 1582 1058 se

189 1098 362 1151 pateret.
427 1093 592 1136 Indoles
625 1096 824 1152 quaedam
859 1099 893 1137 ei
917 1098 1110 1139 tribuitur
1141 1098 1350 1147 bonitum,
1385 1112 1465 1154 qua
1497 1110 1580 1137 non

190 1173 269 1215 nisi
300 1172 409 1214 bona
444 1175 615 1224 creavit3
648 1190 773 1231 quare
806 1176 882 1217 hoc
917 1176 1034 1226 dicit.
1076 1176 1209 1217 Deum
1239 1176 1362 1217 rebus
1393 1176 1583 1216 iniecisse

192 1265 307 1292 suam
354 1252 500 1308 cuique
541 1258 747 1295 aeternam
798 1260 983 1296 naturam
1035 1269 1107 1296 seu
1149 1254 1282 1296 ideam
1305 1252 1380 1310 (2)
1450 1252 1584 1294 Deum

192 1329 477 1372 tantummodo
514 1330 621 1373 bona
653 1346 803 1383 creare,
838 1334 941 1375 mala
973 1349 1070 1376 vero
1106 1334 1154 1375 ab
1187 1332 1422 1375 hominibus
1456 1330 1582 1389 profi-

192 1409 299 1459 cisci,
332 1408 433 1450 nihil
467 1408 578 1452 aliud
608 1410 831 1469 siguificat,
875 1414 951 1455 nisi
984 1412 1114 1455 Deum
1158 1419 1363 1455 aeternam
1396 1417 1583 1454 naturam

191 1487 240 1530 ab
290 1489 399 1529 omui
443 1487 710 1532 fluctuatione
738 1491 926 1539 liberam,
978 1507 1080 1549 quae
1125 1494 1166 1533 in
1202 1508 1244 1534 se
1286 1493 1372 1549 ipsa
1418 1490 1587 1533 liaberet

189 1565 331 1616 finem,
383 1581 565 1617 creasse3
601 1583 647 1610 eo
681 1574 829 1619 autenu
866 1569 975 1626 quod
1009 1576 1173 1612 aeterna
1207 1571 1307 1612 haec
1338 1584 1474 1612 rerum
1509 1584 1581 1610 na-

189 1650 280 1687 tura
313 1659 402 1687 cum
434 1645 585 1689 caduca
616 1662 753 1690 earum
788 1647 919 1690 somna
951 1649 1293 1707 permiscebatur,
1330 1647 1504 1690 sactum.
1535 1658 1580 1689 ut

188 1728 357 1765 naturae
416 1725 597 1768 mortalis
650 1733 688 1768 et
737 1727 975 1769 immortalis
1020 1743 1101 1769 non
1146 1742 1273 1784 aequa
1306 1729 1411 1768 ratio
1445 1726 1582 1767 habita

190 1826 286 1833 u—-o

285 1893 339 1938 (1)
374 1896 560 1930 Miuamus
596 1899 715 1931 locum
756 1901 861 1932 illum
891 1902 961 1931 iam
990 1902 1131 1943 saepius
1159 1902 1327 1942 citatum,
1364 1902 1427 1942 qui
1452 1900 1584 1940 legitur

187 1959 225 1990 in
251 1958 337 2000 reip.
364 1958 391 1993 l.
421 1958 480 2001 X.,
517 1971 550 2002 p.
587 1959 658 1994 597
697 1962 748 2002 C.,
784 1962 913 2004 quippe
941 1963 1000 2004 qui
1030 1963 1126 1994 solus
1154 1967 1223 2003 est,
1252 1962 1313 1993 uhi
1349 1961 1447 1994 Deus
1483 1962 1581 1992 ideas

188 2036 322 2057 creasse
356 2026 501 2059 dicitur.
563 2024 734 2060 Quamvis
772 2024 884 2055 nolim
914 2023 953 2058 C.
984 2024 1040 2064 Fr,
1077 2024 1280 2054 Hermanno
1305 2023 1491 2066 assentari,
1518 2023 1579 2064 qui

188 2088 239 2118 sic
264 2086 420 2117 disserit.
471 2085 533 2123 „111
560 2085 655 2115 enim
683 2088 788 2115 aloia
814 2085 924 2125 ipsius
938 2084 1110 2124 doctrina,
1136 2094 1240 2125 quam
1268 2084 1355 2114 alibi
1387 2085 1579 2124 proposuit,

187 2146 277 2177 adeo
302 2146 462 2176 alienum
490 2151 559 2184 est,
598 2150 646 2175 ut
671 2144 901 2175 decimum
929 2145 1071 2176 illum
1097 2145 1273 2174 librum
1301 2145 1582 2183 longissimo

190 2202 415 2247 'emporis
441 2203 707 2235 intervallo
734 2214 753 2233 a
780 2204 990 2244 reliquis
1018 2204 1331 2243 disiunctum,
1369 2214 1449 2234 uec
1486 2205 1583 2237 nisi

189 2277 293 2298 sero
320 2266 528 2297 additum
557 2265 658 2294 iure
687 2264 819 2294 nobis
848 2269 1062 2295 statuere
1087 2265 1359 2299 videamur.“
1413 2265 1477 2295 sui
1504 2276 1581 2295 scu-

189 2327 323 2359 teuliae
358 2326 494 2357 obstare
530 2324 629 2356 nobis
658 2323 823 2354 videntur
849 2333 913 2363 ea,
950 2334 1039 2364 quat·
1076 2324 1119 2354 de
1146 2325 1228 2355 libri
1257 2324 1304 2355 X.
1332 2335 1412 2356 cum
1440 2331 1581 2357 autece-

189 2387 354 2420 ‹lemibus
396 2396 559 2419 connexu
599 2384 853 2427 disputavimus
894 2379 957 2428 (cf.
999 2385 1035 2418 (J.
1077 2384 1133 2416 Fr.
1171 2385 1357 2418 Hermann
1384 2386 1508 2417 dissert
1538 2387 1581 2418 «h.

190 2449 269 2480 idea
298 2449 381 2480 boni
420 2459 497 2490 pag.
533 2446 570 2479 5.
606 2448 643 2477 in
669 2446 787 2477 iudice
813 2445 1011 2477 lectionum
1038 2447 1075 2477 in
1117 2447 1299 2478 academia
1334 2448 1576 2487 Mai-burgensi

190 2520 250 2550 per
276 2514 441 2541 semestre
468 2509 659 2540 hibernum
676 2504 768 2549 183-
796 2505 1057 2547 habendarum,
1086 2518 1177 2548 quar¹
1206 2508 1403 2539 dissei-latio
1431 2509 1577 2548 sept-{iia

190 2575 242 2601 est
266 2571 305 2601 in
329 2570 451 2601 Jahnii
478 2569 638 2601 annalib.
666 2567 839 2609 philolog·
866 2567 1055 2608 paedagog.
1085 2566 1181 2599 1832
1206 2567 1316 2609 Supp.
1371 2568 1400 2599 1.
1431 2569 1512 2603 fasc,
1542 2568 1578 2611 4·

188 2641 264 2670 pag.
294 2629 366 2661 622
392 2627 482 2671 sqq).

289 2687 344 2734 (2)
373 2691 463 2726 Tim.
493 2701 571 2732 pag.
600 2689 648 2721 30
674 2692 712 2726 Α,
741 2689 802 2724 cu,
830 2689 872 2719 de
901 2699 970 2729 rep.
1001 2689 1062 2729 ll„
1090 2698 1166 2730 pag,
1192 2687 1264 2722 37.)
1292 2689 1330 2720 Β.
