1799 3104
234 266 306 326 68

232 408 469 458 historiam,
512 421 589 450 nec
624 422 709 450 non
740 420 922 450 summae
954 407 1074 451 nobis
1108 412 1217 451 esset
1260 409 1449 454 utilitatis
1482 414 1524 453 et
1553 425 1627 453 vo-

231 487 425 544 luptatis,
469 488 549 529 nisi
581 493 622 529 et
663 487 707 529 hi
753 488 832 545 ipsi
875 486 926 529 de
964 487 1141 545 politicis
1188 487 1313 530 rebus
1347 491 1490 547 scripti
1520 488 1627 539 libri,

231 566 304 622 qui
335 564 456 607 nobis
489 564 640 616 traditi,
674 564 834 607 mendis
870 570 911 607 et
934 565 1091 609 lacunis
1130 564 1252 608 foede
1292 564 1519 618 deformes,
1560 566 1628 609 alii

230 658 330 685 vero
368 643 583 699 permulti,
619 645 688 698 qui
730 643 780 685 ab
814 658 862 685 eo
902 645 1013 685 varie
1053 659 1099 686 ac
1139 645 1305 702 copiose
1338 644 1389 685 de
1417 645 1626 687 civitatum

231 719 478 764 Graecarum
512 719 843 764 institutionibus
874 723 1095 780 perscripti
1124 728 1233 774 sunt,
1266 721 1389 780 plane
1422 721 1626 781 deperditi

231 805 382 841 essent.
453 798 598 856 Neque
640 804 777 841 tamen
820 799 983 841 illorum
1021 800 1219 842 librorum
1261 802 1470 858 corruptio
1510 805 1625 842 tanta

232 884 308 930 est,
343 883 535 936 quantam
569 877 687 920 multi
721 878 796 920 viri
830 876 940 921 docti
974 879 1275 931 existimarunt,
1307 884 1356 923 ut
1389 894 1473 922 non
1506 878 1625 922 liceat

226 972 364 998 veram
394 959 606 1013 scriptoris
631 959 874 998 sententiam
896 972 948 998 ex
980 957 1199 1000 verborum
1217 957 1440 1000 involucris
1466 971 1623 1005 eruere.

230 1035 483 1093 Quamquam
522 1035 682 1093 singula
719 1050 920 1093 persaepe
967 1042 1050 1078 tam
1085 1039 1252 1095 spinosc
1285 1043 1448 1094 tamque
1481 1042 1624 1094 argute

229 1114 440 1172 disputata
480 1119 601 1164 sunt,
633 1119 681 1156 ut
700 1113 834 1165 nobis,
868 1129 972 1171 quae
1011 1119 1074 1156 est
1106 1115 1251 1157 virium
1286 1119 1518 1157 nostrarum
1548 1114 1623 1156 im-

227 1192 450 1243 becillitas,
496 1192 628 1235 lucem
684 1193 734 1234 iis
785 1191 931 1235 afferre
979 1208 1063 1235 non
1107 1192 1246 1244 liceat3
1293 1193 1368 1235 sed
1412 1193 1491 1235 hoc
1538 1208 1622 1235 non

229 1270 425 1329 impedit,
484 1272 726 1328 quominus,
793 1271 835 1311 in
892 1269 955 1311 his
1010 1271 1187 1312 maxime
1251 1269 1620 1327 disquisitionibus,

229 1363 334 1407 quae
376 1353 474 1391 sunt
526 1348 577 1390 de
625 1347 875 1406 reipublicae
916 1348 1158 1407 generibus,
1209 1347 1407 1392 Nostrum
1451 1364 1623 1392 acumen

227 1430 381 1488 ingenii
435 1427 814 1487 splendidissimum
876 1426 1093 1485 probasse,
1159 1426 1372 1471 fateamur.
1464 1427 1621 1471 Verum

227 1509 435 1550 enimvero
500 1506 543 1549 id
600 1505 763 1548 efficere
820 1505 1007 1557 volebat,
1064 1512 1111 1549 ut
1181 1507 1423 1550 examinatis
1481 1521 1619 1549 rerum

229 1588 363 1628 causis
398 1592 439 1628 et
473 1584 782 1627 conditionibus
825 1584 1001 1627 mediam
1044 1584 1249 1642 quandam
1289 1587 1494 1628 inveniret
1523 1586 1619 1627 civi-

228 1667 324 1708 tatis
358 1663 553 1715 sormam,
599 1665 640 1705 in
674 1678 756 1721 qua
795 1665 998 1714 omnium,
1041 1678 1145 1720 quae
1177 1663 1286 1707 bona
1313 1678 1470 1722 quaeve
1513 1664 1619 1706 mala

229 1749 380 1794 essent,
414 1745 522 1785 iusta
554 1748 595 1784 et
627 1756 758 1799 aequa
789 1743 894 1784 ratio
929 1747 1039 1784 esset
1067 1741 1229 1794 habita,
1269 1744 1367 1800 quia
1397 1744 1529 1786 omnis
1562 1743 1618 1785 ci-

226 1825 363 1866 vitatis
395 1821 539 1873 forma,
572 1823 634 1864 uti
667 1823 803 1863 omnia
836 1821 1036 1872 humana,
1082 1836 1173 1863 cum
1204 1837 1289 1864 non
1329 1827 1468 1879 essent
1497 1822 1617 1865 abso-

223 1903 309 1945 lute
338 1900 534 1960 perfecta,
566 1914 650 1942 non
672 1899 795 1941 modo
821 1899 942 1950 bona,
989 1899 1063 1942 sed
1084 1901 1206 1942 etiam
1236 1900 1341 1942 mala
1375 1902 1615 1943 contineret.

216 1980 470 2024 ‘Aristoteles
491 1994 576 2022 non
607 1980 686 2020 nisi
718 1978 995 2035 philosophus
1020 1984 1120 2028 erat,
1152 1983 1193 2020 et
1225 1993 1330 2035 quae
1362 1978 1613 2036 singularum

225 2074 364 2102 rerum
396 2059 548 2100 veritas
583 2061 692 2098 esset
724 2061 847 2113 atque
879 2057 1008 2098 virtus
1042 2054 1501 2114 indagandircupidus,
1547 2058 1618 2114 qui

222 2139 406 2181 omnium
436 2149 587 2187 rerum,
620 2136 741 2177 etiam
785 2149 890 2192 quae
921 2138 1061 2177 essent
1091 2133 1335 2187 levissimae,
1380 2136 1613 2194 cognitione

224 2232 329 2275 opus
365 2231 456 2259 esse
471 2204 775 2264 ”existimarem
820 2214 855 2255 si
896 2214 987 2270 quis
1031 2219 1266 2256 accuratum
1305 2213 1356 2255 de
1396 2214 1533 2272 aliqua
1569 2229 1614 2257 re

221 2309 395 2337 examen
427 2294 644 2336 instituere
675 2291 811 2334 vellet.
876 2290 946 2334 Sic
975 2293 1037 2333 uti
1066 2293 1110 2333 in
1141 2291 1353 2343 omnibus,
1385 2292 1443 2334 ita
1473 2293 1516 2334 in
1547 2292 1612 2335 his

222 2387 386 2431 quoque
417 2371 532 2414 libris
573 2372 668 2428 egit.
741 2369 859 2412 Plato
890 2375 1051 2420 autem,
1092 2384 1213 2426 quem
1257 2368 1395 2412 divino
1427 2369 1613 2428 philoso—

217 2452 342 2511 phiae
380 2449 542 2504 fervore
577 2449 694 2506 quasi
731 2447 971 2506 flagrantem
1013 2449 1319 2506 cognoscimus,
1361 2447 1611 2492 Graecorum

215 2530 400 2573 ‘indolem
430 2534 470 2570 et
503 2527 681 2569 divinam
714 2532 902 2569 naturam
935 2525 1158 2569 admiratus
1189 2541 1260 2569 eos
1293 2542 1317 2569 a
1353 2534 1515 2570 morum
1547 2533 1609 2571 at-

220 2624 298 2666 que
339 2608 600 2666 ingeniorum
640 2604 934 2663 depravatione
967 2619 1138 2648 avocare
1172 2610 1213 2648 et
1242 2604 1295 2647 ad
1326 2612 1513 2647 veterum
1544 2607 1607 2648 in-

217 2686 471 2745 genuitatem
511 2683 716 2726 adducere
748 2682 892 2725 voluit.
956 2681 1076 2726 Unde
1109 2682 1323 2725 absolutae
1351 2682 1410 2724 illi
1438 2681 1608 2735 Unitati,

217 2775 339 2821 quam
368 2762 408 2803 in
436 2759 529 2802 idea
553 2760 726 2817 positam
756 2763 1046 2817 proposuerat,
1077 2755 1230 2803 formas
1248 2757 1456 2805 civitatum
1480 2759 1607 2806 Grae·-
