1799 3104
216 250 285 301 '72

212 392 264 434 ad
306 394 509 435 civitatem
544 391 751 435 transfert.
815 391 937 433 Hunc
975 393 1151 450 primum
1188 406 1397 435 recessum
1439 393 1488 436 ab
1519 392 1612 435 idea

213 472 410 528 primaria
457 477 498 513 et
540 487 563 513 a
605 473 761 514 iustitia
802 472 955 512 virtute
989 485 1145 513 summa
1188 469 1444 528 significavit.
1509 472 1614 514 Ter-

212 550 296 591 tius
328 548 479 592 deinde
513 549 666 607 gradus
700 555 762 591 est
797 548 1046 607 oligarchiae
1073 547 1156 607 (1),
1186 548 1257 592 ubi
1289 554 1454 606 praeter
1484 550 1615 593 hono-

211 642 303 669 rum
336 627 681 684 capessendorum
743 627 1007 684 cupiditatem
1062 629 1183 670 etiam
1224 628 1392 669 avaritia
1439 642 1615 686 regnan-

219 707 322 747 tium
344 707 488 747 animis
509 707 680 763 potitur.
734 704 929 748 Procedit
957 707 1083 763 igitur
1104 706 1223 748 Plato
1248 705 1297 748 ab
1315 705 1393 747 alio
1419 705 1471 747 ad
1489 706 1614 759 aliud,

214 783 387 840 perinde
420 790 466 825 ut
501 798 622 826 causa
655 784 850 841 postulat,
887 790 927 825 et
958 785 1056 826 satis
1089 790 1231 843 aperte
1253 783 1446 835 declarat,
1480 783 1613 826 homi-

215 877 315 904 num
348 868 551 913 naturam,
586 877 692 919 quae
722 862 774 904 ad
804 864 903 904 vitia
934 869 975 905 et
1008 877 1169 906 errores
1187 862 1310 905 huius
1344 861 1489 905 mundi
1517 877 1614 905 con-

214 954 334 983 versa
381 942 455 991 sit,
513 941 718 982 civitatem
760 940 812 983 ad
862 941 1096 1000 exemplum
1146 940 1309 984 divinae
1348 939 1614 1000 perfectionis

214 1018 425 1062 conditam
458 1033 543 1060 non
586 1018 816 1062 admittere.
880 1018 957 1062 Vis
991 1026 1128 1063 autem
1167 1019 1413 1079 oligarchiae
1445 1018 1517 1063 ubi
1549 1020 1612 1061 ni-

212 1099 288 1141 mis
326 1099 367 1141 in
404 1099 567 1140 civitate
600 1098 825 1157 praevalet,
860 1100 916 1141 ita
945 1104 993 1141 ut
1022 1101 1217 1151 omnium,
1253 1099 1374 1142 etiam
1407 1099 1613 1157 egentium

214 1178 337 1220 animi
358 1176 593 1220 divitiarum
618 1193 776 1221 summo
796 1177 934 1221 studio
968 1183 1208 1230 teneantur,
1240 1177 1485 1236 oligarchica
1516 1178 1613 1220 civi-

213 1262 297 1299 tate
337 1271 535 1314 perversa
579 1256 829 1300 democratia
870 1259 1026 1300 oriatur
1064 1271 1233 1300 necesse
1260 1261 1335 1298 est.
1398 1256 1482 1297 Iam
1514 1270 1611 1297 vero

209 1334 401 1393 pluribus
432 1349 565 1392 usque
601 1336 707 1378 vitiis
742 1350 794 1378 ex
843 1335 1077 1379 divitiarum
1111 1341 1152 1379 et
1182 1335 1387 1378 honorum
1420 1334 1613 1393 cupidine

214 1415 359 1464 enatis,
389 1429 510 1456 omne
535 1414 758 1465 vinculum,
794 1414 907 1472 quod
925 1430 973 1457 eo
992 1429 1125 1473 usque
1160 1420 1331 1457 externa
1356 1413 1498 1455 saltem
1518 1427 1611 1471 spe-

213 1494 273 1535 cie
304 1493 493 1535 homines
526 1493 635 1535 inter
668 1508 711 1536 se
746 1493 1033 1552 coniungebat,
1068 1494 1191 1552 plane
1225 1493 1430 1536 dirimitur
1462 1479 1611 1534 direm-

210 1578 335 1629 taque
368 1577 596 1614 nascuntur
629 1571 851 1623 factiones,
894 1587 1065 1630 quarum
1097 1572 1175 1614 alia
1206 1572 1319 1615 aliud
1348 1586 1480 1631 genus
1513 1572 1611 1613 civi-

210 1651 310 1693 lium
342 1652 650 1694 institutionum
684 1656 838 1694 tuetur.
904 1651 1022 1694 Unde
1052 1651 1099 1695 fit
1121 1657 1170 1694 ut
1198 1653 1307 1694 inter
1339 1666 1383 1693 se
1411 1655 1610 1709 pugnent,

209 1744 342 1787 usque
385 1729 483 1771 dum
515 1744 624 1771 unus
658 1731 832 1781 existat,
866 1731 937 1787 qui
970 1731 1167 1773 exteriori
1199 1729 1375 1788 quadam
1406 1730 1447 1771 vi
1478 1733 1519 1772 et
1549 1726 1611 1770 fa-

211 1808 362 1851 cultate
395 1807 544 1866 agendi
578 1823 719 1850 omnes
753 1815 923 1867 superet
949 1815 988 1851 et
1021 1811 1091 1867 qui
1124 1808 1379 1860 crudelitate,
1413 1807 1611 1851 violentia

209 1886 409 1930 blanditia
439 1893 563 1945 atque
597 1887 750 1930 diversi
779 1890 943 1947 generis
993 1888 1158 1932 auxiliis
1199 1903 1276 1946 per
1308 1885 1475 1944 aliquod
1506 1891 1610 1929 tem-

211 1982 291 2024 pus
335 1981 540 2008 summum
583 1965 800 2022 imperium
850 1972 1000 2009 teneat.
1078 1966 1195 2007 Hanc
1240 1965 1489 2024 reipublicae
1524 1963 1610 2006 sor-

208 2059 316 2088 mam
348 2059 521 2103 prorsus
556 2043 810 2087 anarchicam
845 2044 1106 2103 tyrannidem
1150 2043 1335 2088 dicimus.
1408 2044 1609 2102 Imagines

208 2126 349 2182 itaque
381 2122 581 2165 habemus
624 2122 869 2175 formarum,
918 2124 1067 2183 quibus
1101 2124 1296 2168 Graeciae
1329 2125 1512 2166 civitates
1544 2124 1609 2164 in-

211 2205 380 2272 stitutae
414 2208 542 2254 erant,
578 2218 679 2260 quas
712 2202 865 2247 formas
890 2204 1009 2248 Plato
1031 2206 1088 2247 sic
1120 2203 1319 2263 depingit,
1341 2208 1388 2245 ut
1421 2218 1520 2246 suae
1552 2203 1608 2244 ci-

208 2284 347 2326 vitatis
378 2282 513 2325 ideam
545 2288 639 2325 ante
670 2284 813 2326 oculos
845 2283 995 2327 habeat
1028 2289 1069 2326 et
1097 2287 1352 2341 quantopere
1375 2283 1483 2323 vitae
1506 2293 1607 2323 usus

211 2369 251 2406 et
283 2361 540 2405 consuetudo
572 2363 616 2404 in
647 2362 727 2405 illis
761 2368 982 2421 regnantes
1029 2378 1052 2404 a
1082 2360 1338 2420 perfectione
1370 2359 1505 2403 absint
1536 2358 1607 2403 ab·

211 2441 348 2485 soluta
383 2440 649 2484 demonstret.

330 2519 578 2564 Aristoteles
612 2534 709 2563 vero
744 2534 792 2563 eo
825 2534 1072 2579 progressus
1106 2523 1181 2569 est,
1217 2522 1262 2560 ut
1293 2516 1424 2560 ideam
1465 2518 1605 2560 clvita-

208 2601 261 2643 tis
294 2602 435 2658 generi
463 2600 644 2644 humano
679 2605 1020 2653 consentaneam,
1053 2613 1139 2643 non
1171 2601 1307 2641 tamen
1339 2611 1430 2641 eam
1462 2611 1603 2641 caren-

306 2768 361 2816 (1)
389 2770 426 2806 r.
453 2769 527 2805 550
553 2772 578 2805 c
626 2770 699 2807 553
724 2774 767 2806 A.
